
<record>
<header>
<identifier>oai:revistas.usp.br:article/193151</identifier>
<datestamp>2022-09-27T14:54:06Z</datestamp>
<setSpec>actafisiatrica:Art.+Orig.</setSpec>
<setSpec>driver</setSpec>
</header>
<metadata>
<record xmlns="http://www.loc.gov/MARC21/slim" xmlns:xsi="http://www.w3.org/2001/XMLSchema-instance" xsi:schemaLocation="http://www.loc.gov/MARC21/slim http://www.loc.gov/standards/marcxml/schema/MARC21slim.xsd">
<leader>     nmb a2200000Iu 4500</leader>
<controlfield tag="008">"220628 2022                        eng  "</controlfield>
<datafield tag="022" ind1="#" ind2="#">
<subfield code="$a">2317-0190</subfield>
</datafield>
<datafield tag="022" ind1="#" ind2="#">
<subfield code="$a">0104-7795</subfield>
</datafield>
<datafield tag="042" ind1=" " ind2=" ">
<subfield code="a">dc</subfield>
</datafield>
<datafield tag="245" ind1="0" ind2="0">
<subfield code="a">Comportamento sedentário e sua associação com incapacidade funcional em idosos </subfield>
</datafield>  <datafield tag="720" ind1="1" ind2=" ">
<subfield code="a">Lopes, Elaine Cristina</subfield>
<subfield code="u">Universidade Federal de Santa Catarina</subfield></datafield>
<datafield tag="720" ind1="1" ind2=" ">
<subfield code="a">Cândido, Letícia Martins</subfield>
<subfield code="u">Universidade Federal de Santa Catarina</subfield></datafield>
<datafield tag="720" ind1="1" ind2=" ">
<subfield code="a">Avelar, Núbia Pereira Carelli de </subfield>
<subfield code="u">Universidade Federal de Santa Catarina</subfield></datafield>
<datafield tag="720" ind1="1" ind2=" ">
<subfield code="a">Danielewicz , Ana Lúcia</subfield>
<subfield code="u">Universidade Federal de Santa Catarina</subfield></datafield>
<datafield tag="520" ind1=" " ind2=" ">
<subfield code="a"> Atividades sedentárias são frequentes em idosos, tornando importante avançar o conhecimento sobre o comportamento sedentário (CS) e sua relação com a capacidade funcional da população idosa, a fim de contribuir para implementação de intervenções de promoção à saúde. Objetivo: Identificar pontos de corte do CS para rastreio de incapacidade funcional e verificar sua associação com a presença de incapacidade nas atividades básicas (ABVDs) e instrumentais (AIVDs) da vida diária em idosos comunitários. Métodos: Tratou-se de um estudo transversal, domiciliar, realizado com 308 idosos comunitários. As incapacidades nas ABVDs e AIVDs foram avaliadas pelo Multidimensional Functional Assessment Questionnaire. Idosos com relato de “pouca/muita dificuldade” ou “incapacidade total” para realizar ao menos uma tarefa em cada domínio foram classificados com incapacidade. O tempo despendido em CS foi avaliado pela média ponderada do tempo sentado em um dia da semana e um dia de final de semana, avaliado pelo Questionário Internacional de Atividade Física. Os pontos de corte do CS para rastrear a incapacidade foram obtidos pela análise da curva ROC. Resultados: Os idosos que permaneceram tempo ≥ 4,4h/dia em CS tiveram 1,92 (IC95%:1,03; 3,57) vezes maiores chances de incapacidade nas AIVDs e aqueles que ficavam ≥ 4,3h/dia em CS tiveram 2,36 (IC95%:1,37;4,05) vezes maiores chances de incapacidade nas ABVDs, comparados aos que ficavam tempo inferior em CS. Conclusão: Estes dados sugerem que os idosos residentes na comunidade limitem o tempo em CS, evitando tempo superior a 4,3 horas diárias, a fim de prevenir a ocorrência de incapacidades funcionais. </subfield>
</datafield>
<datafield tag="260" ind1=" " ind2=" ">
<subfield code="b">Faculdade de Medicina, Universidade de São Paulo</subfield>
</datafield>
<dataField tag="260" ind1=" " ind2=" ">
<subfield code="c">2022-06-28 14:49:26</subfield>
</dataField>   <datafield tag="856" ind1=" " ind2=" ">
<subfield code="q">application/pdf</subfield>
</datafield>
<datafield tag="856" ind1="4" ind2="0">
<subfield code="u">https://www.revistas.usp.br/actafisiatrica/article/view/193151</subfield>
</datafield>  <datafield tag="786" ind1="0" ind2=" ">
<subfield code="n">Acta Fisiátrica; v. 29 n. 2 (2022)</subfield>
</datafield>  <datafield tag="546" ind1=" " ind2=" ">
<subfield code="a">por</subfield>
</datafield>   <datafield tag="540" ind1=" " ind2=" ">
<subfield code="a">Copyright (c) 2022 Acta Fisiátrica</subfield>
</datafield>
</record>
</metadata>
</record>