
<record>
<header>
<identifier>oai:revistas.usp.br:article/193934</identifier>
<datestamp>2023-07-31T18:14:45Z</datestamp>
<setSpec>actafisiatrica:Rel.+Caso</setSpec>
<setSpec>driver</setSpec>
</header>
<metadata>
<record xmlns="http://www.loc.gov/MARC21/slim" xmlns:xsi="http://www.w3.org/2001/XMLSchema-instance" xsi:schemaLocation="http://www.loc.gov/MARC21/slim http://www.loc.gov/standards/marcxml/schema/MARC21slim.xsd">
<leader>     nmb a2200000Iu 4500</leader>
<controlfield tag="008">"230331 2023                        eng  "</controlfield>
<datafield tag="022" ind1="#" ind2="#">
<subfield code="$a">2317-0190</subfield>
</datafield>
<datafield tag="022" ind1="#" ind2="#">
<subfield code="$a">0104-7795</subfield>
</datafield>
<datafield tag="042" ind1=" " ind2=" ">
<subfield code="a">dc</subfield>
</datafield>
<datafield tag="245" ind1="0" ind2="0">
<subfield code="a">Fisioterapia vestibular na síndrome de Arnold-Chiari com uso da Classificação Internacional de Funcionalidade, Incapacidade e Saúde (CIF): relato de caso</subfield>
</datafield>  <datafield tag="720" ind1="1" ind2=" ">
<subfield code="a">Costa, Wildna Sharon Martins da</subfield>
<subfield code="u">Universidade Federal do Rio Grande do Norte</subfield></datafield>
<datafield tag="720" ind1="1" ind2=" ">
<subfield code="a"> Silva, Jade Louise Alves Macedo Padilha</subfield>
<subfield code="u">Universidade Federal do Rio Grande do Norte</subfield><subfield code="0">https://orcid.org/0000-0002-1823-1339</subfield></datafield>
<datafield tag="720" ind1="1" ind2=" ">
<subfield code="a">Souza, Juliana Cirilo Soares de </subfield>
<subfield code="u">Universidade Federal do Rio Grande do Norte</subfield><subfield code="0">https://orcid.org/0000-0001-6486-2329</subfield></datafield>
<datafield tag="720" ind1="1" ind2=" ">
<subfield code="a">Ferreira, Lidiane Maria de Brito Macedo </subfield>
<subfield code="u">Universidade Federal do Rio Grande do Norte</subfield></datafield>
<datafield tag="720" ind1="1" ind2=" ">
<subfield code="a">Ribeiro, Karyna Myrelly Oliveira Bezerra de Figueiredo </subfield>
<subfield code="u">Universidade Federal do Rio Grande do Norte</subfield><subfield code="0">https://orcid.org/0000-0002-5935-6760</subfield></datafield>
<datafield tag="520" ind1=" " ind2=" ">
<subfield code="a"> Objetivo: Investigar os efeitos de um protocolo de Fisioterapia Vestibular (FV), baseado no modelo da Classificação Internacional de Funcionalidade, Incapacidade e Saúde (CIF) em um paciente com sequelas da síndrome de Arnold-Chiari do tipo I nas queixas de tontura, alterações oculomotoras, desequilíbrio e impacto da tontura na qualidade de vida. Método: Trata-se da descrição do caso de um paciente de 40 anos que realizou um protocolo de FV em 44 sessões, uma a duas vezes por semana, envolvendo exercícios de estabilização do olhar, oculomotores, habituação, equilíbrio estático e dinâmico, tanto em ambiente clínico presencial, quanto remoto e domiciliar. Foram realizadas avaliações da intensidade da tontura e desequilíbrio, do sistema oculomotor, do equilíbrio estático e dinâmico, bem como da qualidade de vida. As informações coletadas na avaliação inicial foram convertidas para os domínios da CIF. Resultados: Houve redução no relato da intensidade da tontura e desequilíbrio, na distância do ponto próximo de convergência, melhora no equilíbrio postural estático e início da prática de atividade física regular, porém manteve o risco de queda no teste de equilíbrio dinâmico e deficiência grave quanto à qualidade de vida. Conclusão: O protocolo de FV, planejado a partir do uso da CIF, mostrou resultados positivos quanto à intensidade da queixa de tontura e desequilíbrio, convergência ocular e equilíbrio estático, com manutenção dos resultados quanto ao equilíbrio dinâmico e à qualidade de vida em um paciente com sequelas da Síndrome de Arnold-Chiari. Os resultados deste estudo podem direcionar a conduta clínica e pesquisas futuras relacionadas a esta população. </subfield>
</datafield>
<datafield tag="260" ind1=" " ind2=" ">
<subfield code="b">Faculdade de Medicina, Universidade de São Paulo</subfield>
</datafield>
<dataField tag="260" ind1=" " ind2=" ">
<subfield code="c">2023-03-31 00:00:00</subfield>
</dataField>   <datafield tag="856" ind1=" " ind2=" ">
<subfield code="q">application/pdf</subfield>
</datafield>
<datafield tag="856" ind1="4" ind2="0">
<subfield code="u">https://www.revistas.usp.br/actafisiatrica/article/view/193934</subfield>
</datafield>  <datafield tag="786" ind1="0" ind2=" ">
<subfield code="n">Acta Fisiátrica; v. 30 n. 1 (2023)</subfield>
</datafield>  <datafield tag="546" ind1=" " ind2=" ">
<subfield code="a">por</subfield>
</datafield>   <datafield tag="540" ind1=" " ind2=" ">
<subfield code="a">Copyright (c) 2023 Acta Fisiátrica</subfield>
</datafield>
</record>
</metadata>
</record>