
<record>
<header>
<identifier>oai:revistas.usp.br:article/193962</identifier>
<datestamp>2023-08-01T18:35:06Z</datestamp>
<setSpec>actafisiatrica:Art.+Orig.</setSpec>
<setSpec>driver</setSpec>
</header>
<metadata>
<record xmlns="http://www.loc.gov/MARC21/slim" xmlns:xsi="http://www.w3.org/2001/XMLSchema-instance" xsi:schemaLocation="http://www.loc.gov/MARC21/slim http://www.loc.gov/standards/marcxml/schema/MARC21slim.xsd">
<leader>     nmb a2200000Iu 4500</leader>
<controlfield tag="008">"230630 2023                        eng  "</controlfield>
<datafield tag="022" ind1="#" ind2="#">
<subfield code="$a">2317-0190</subfield>
</datafield>
<datafield tag="022" ind1="#" ind2="#">
<subfield code="$a">0104-7795</subfield>
</datafield>
<datafield tag="042" ind1=" " ind2=" ">
<subfield code="a">dc</subfield>
</datafield>
<datafield tag="245" ind1="0" ind2="0">
<subfield code="a">Perfil epidemiológico dos pacientes amputados acompanhados em um grande centro referência em reabilitação de Pernambuco</subfield>
</datafield>  <datafield tag="720" ind1="1" ind2=" ">
<subfield code="a">Lima, Vicente Júlio Barbosa de</subfield>
<subfield code="u">Associação de Assistência à Criança Deficiente</subfield><subfield code="0">https://orcid.org/0000-0002-6100-3067</subfield></datafield>
<datafield tag="720" ind1="1" ind2=" ">
<subfield code="a">Gomes, Ewertom Cordeiro</subfield>
<subfield code="u">Associação de Assistência à Criança Deficiente</subfield></datafield>
<datafield tag="720" ind1="1" ind2=" ">
<subfield code="a">Rolim Filho, Epitácio Leite</subfield>
<subfield code="u">Associação de Assistência à Criança Deficiente</subfield></datafield>
<datafield tag="720" ind1="1" ind2=" ">
<subfield code="a">Malheiros Júnior, Henrique José Alves</subfield>
<subfield code="u">Associação de Assistência à Criança Deficiente</subfield></datafield>
<datafield tag="720" ind1="1" ind2=" ">
<subfield code="a">Almeida, Thiago Danilo Rodrigues de</subfield>
<subfield code="u">Associação de Assistência à Criança Deficiente</subfield></datafield>
<datafield tag="720" ind1="1" ind2=" ">
<subfield code="a">Bahé, Ana Patrícia Montebello </subfield>
<subfield code="u">Associação de Assistência à Criança Deficiente</subfield></datafield>
<datafield tag="720" ind1="1" ind2=" ">
<subfield code="a">Rocha, Silvana Cristina de Melo</subfield>
<subfield code="u">Associação de Assistência à Criança Deficiente</subfield></datafield>
<datafield tag="520" ind1=" " ind2=" ">
<subfield code="a"> A amputação de um membro se reveste de maior dramaticidade e limitações sensório-motoras em pacientes jovens, assim como, na população adulta ou idosa com comorbidades. Objetivo: Traçar o perfil demográfico e epidemiológico dos pacientes atendidos em um grande centro de referência em reabilitação em Pernambuco. Métodos: Realizou-se um estudo de corte transversal com revisão de prontuários ativos. Os resultados foram tratados pelo Microsoft Excel® e o programa utilizado para os cálculos estatísticos foi o IBM® SPSS® na versão 23. Resultados: Observou-se idade média de 48,36 anos, gênero masculino (76,6%), casados (47,7%), ensino fundamental (64,8%) e oriundos de todas as regiões do estado. Quanto à amputação, sem predileção por lado, mais frequente nos membros inferiores transfemoral (55,1%), cotos de comprimento variável e causas vasculares e traumáticas mais frequentes. No exame físico, cotos em condições de reabilitação, utilização de aditamento comunitário ou domiciliar na primeira consulta e sem uso prévio de prótese. Em 83,6% dos casos, os pacientes usavam sua prótese mais de 7h/dia e 58,6% possuíam marcha independente na comunidade, com durabilidade da prótese em até 36 meses (75,8%). Conclusão: A amputação ocorre em idade jovem, sendo os homens mais acometidos, as doenças vasculares e acidentes envolvendo veículos motorizados são as principais causas, as cirurgias ocorrem mais nas diáfises ósseas. O tempo de terapias foi efetivo. Fazem-se necessárias políticas públicas que agilizem o acesso do paciente a centros especializados e desses aos centros de reabilitação e para melhoria dos materiais e componentes que compõem as próteses oferecidas pelo SUS. </subfield>
</datafield>
<datafield tag="260" ind1=" " ind2=" ">
<subfield code="b">Faculdade de Medicina, Universidade de São Paulo</subfield>
</datafield>
<dataField tag="260" ind1=" " ind2=" ">
<subfield code="c">2023-06-30 00:00:00</subfield>
</dataField>   <datafield tag="856" ind1=" " ind2=" ">
<subfield code="q">application/pdf</subfield>
</datafield>
<datafield tag="856" ind1="4" ind2="0">
<subfield code="u">https://www.revistas.usp.br/actafisiatrica/article/view/193962</subfield>
</datafield>  <datafield tag="786" ind1="0" ind2=" ">
<subfield code="n">Acta Fisiátrica; v. 30 n. 2 (2023)</subfield>
</datafield>  <datafield tag="546" ind1=" " ind2=" ">
<subfield code="a">por</subfield>
</datafield>   <datafield tag="540" ind1=" " ind2=" ">
<subfield code="a">Copyright (c) 2023 Acta Fisiátrica</subfield>
</datafield>
</record>
</metadata>
</record>