
<record>
<header>
<identifier>oai:revistas.usp.br:article/194033</identifier>
<datestamp>2022-11-30T19:50:56Z</datestamp>
<setSpec>actafisiatrica:Art.+Orig.</setSpec>
<setSpec>driver</setSpec>
</header>
<metadata>
<record xmlns="http://www.loc.gov/MARC21/slim" xmlns:xsi="http://www.w3.org/2001/XMLSchema-instance" xsi:schemaLocation="http://www.loc.gov/MARC21/slim http://www.loc.gov/standards/marcxml/schema/MARC21slim.xsd">
<leader>     nmb a2200000Iu 4500</leader>
<controlfield tag="008">"220927 2022                        eng  "</controlfield>
<datafield tag="022" ind1="#" ind2="#">
<subfield code="$a">2317-0190</subfield>
</datafield>
<datafield tag="022" ind1="#" ind2="#">
<subfield code="$a">0104-7795</subfield>
</datafield>
<datafield tag="042" ind1=" " ind2=" ">
<subfield code="a">dc</subfield>
</datafield>
<datafield tag="245" ind1="0" ind2="0">
<subfield code="a">Estadiamento demencial e a correlação com o desempenho funcional de idosos com doença de Alzheimer: um estudo transversal</subfield>
</datafield>  <datafield tag="720" ind1="1" ind2=" ">
<subfield code="a">Santos, Fernando Sluchensci dos</subfield>
<subfield code="u">Universidade Estadual do Centro-Oeste</subfield><subfield code="0">https://orcid.org/0000-0001-7114-5264</subfield></datafield>
<datafield tag="720" ind1="1" ind2=" ">
<subfield code="a">Gonçalves, Renan Felipe Pereira</subfield>
<subfield code="u">Centro Universitário Guairacá</subfield><subfield code="0">https://orcid.org/0000-0001-9863-1860</subfield></datafield>
<datafield tag="720" ind1="1" ind2=" ">
<subfield code="a">Bonini, Juliana Sartori</subfield>
<subfield code="u">Universidade Estadual do Centro-Oeste</subfield><subfield code="0">https://orcid.org/0000-0001-5144-2253</subfield></datafield>
<datafield tag="520" ind1=" " ind2=" ">
<subfield code="a"> Objetivo: Avaliar o estadiamento demencial e o desempenho físico-funcional, bem como suas possíveis correlações, de idosos diagnosticados com Doença de Alzheimer, atendidos por um centro de referência. Método: Estudo clínico transversal de abordagem quantitativa. Foram avaliados idosos de ambos os sexos com idade igual e/ou superior a 60 anos, que tivessem o diagnóstico médico comprovado para Doença de Alzheimer. Os idosos foram avaliados por meio do Timed Up and Go Test (TUG), Teste de Sentar e Levantar de Rikli &amp; Jones, Escala de Equilíbrio de Berg e por meio do Clinical Dementia Rating Score (CDR). A análise estatística e os gráficos foram realizados com o Software IBM Statistics SPSS 20. O nível significância foi 0,05. Resultados: Compuseram a amostra 46 indivíduos de ambos os sexos com idade média de 78,72±7,37 anos. Os indivíduos foram divididos em idosos frágeis e não frágeis. Os idosos também foram classificados em demência questionável a leve e demência moderada a grave e comparados. Ocorreu correlação significativa entre idade e TUG (r= 0,532; p= 0,041), entre idade e Berg (r= -0,343; p= 0,040), entre TUG e Berg (r= -0,562; p= 0,029), e entre o teste de sentar-levantar e Berg (r= 0,706; p= 0,003). Conclusão: Os idosos avaliados apresentaram desempenho inferior aos descritos na literatura para os instrumentos avaliativos propostos nessa pesquisa, o que indica que está diretamente relacionado ao seu desempenho em testes físico-funcionais. </subfield>
</datafield>
<datafield tag="260" ind1=" " ind2=" ">
<subfield code="b">Faculdade de Medicina, Universidade de São Paulo</subfield>
</datafield>
<dataField tag="260" ind1=" " ind2=" ">
<subfield code="c">2022-09-27 11:51:32</subfield>
</dataField>   <datafield tag="856" ind1=" " ind2=" ">
<subfield code="q">application/pdf</subfield>
</datafield>
<datafield tag="856" ind1=" " ind2=" ">
<subfield code="q">application/pdf</subfield>
</datafield>
<datafield tag="856" ind1="4" ind2="0">
<subfield code="u">https://www.revistas.usp.br/actafisiatrica/article/view/194033</subfield>
</datafield>  <datafield tag="786" ind1="0" ind2=" ">
<subfield code="n">Acta Fisiátrica; v. 29 n. 3 (2022)</subfield>
</datafield>  <datafield tag="546" ind1=" " ind2=" ">
<subfield code="a">por</subfield>
</datafield>   <datafield tag="540" ind1=" " ind2=" ">
<subfield code="a">Copyright (c) 2022 Acta Fisiátrica</subfield>
</datafield>
</record>
</metadata>
</record>