
<record>
<header>
<identifier>oai:revistas.usp.br:article/194264</identifier>
<datestamp>2022-06-28T17:50:22Z</datestamp>
<setSpec>actafisiatrica:Art.+Orig.</setSpec>
<setSpec>driver</setSpec>
</header>
<metadata>
<record xmlns="http://www.loc.gov/MARC21/slim" xmlns:xsi="http://www.w3.org/2001/XMLSchema-instance" xsi:schemaLocation="http://www.loc.gov/MARC21/slim http://www.loc.gov/standards/marcxml/schema/MARC21slim.xsd">
<leader>     nmb a2200000Iu 4500</leader>
<controlfield tag="008">"220331 2022                        eng  "</controlfield>
<datafield tag="022" ind1="#" ind2="#">
<subfield code="$a">2317-0190</subfield>
</datafield>
<datafield tag="022" ind1="#" ind2="#">
<subfield code="$a">0104-7795</subfield>
</datafield>
<datafield tag="042" ind1=" " ind2=" ">
<subfield code="a">dc</subfield>
</datafield>
<datafield tag="245" ind1="0" ind2="0">
<subfield code="a">Uso de aplicativo para análise de movimento: estudo piloto</subfield>
</datafield>  <datafield tag="720" ind1="1" ind2=" ">
<subfield code="a">Alfieri, Fabio Marcon</subfield>
<subfield code="u">Universidade de São Paulo. Faculdade de Medicina. Hospital das Clínicas. Instituto de Medicina Física e Reabilitação</subfield><subfield code="0">https://orcid.org/0000-0002-5242-3246</subfield></datafield>
<datafield tag="720" ind1="1" ind2=" ">
<subfield code="a">Lopes, Jose Augusto Fernandes</subfield>
<subfield code="u">Universidade de São Paulo. Faculdade de Medicina. Hospital das Clínicas. Instituto de Medicina Física e Reabilitação</subfield></datafield>
<datafield tag="720" ind1="1" ind2=" ">
<subfield code="a">Sá, Dhiogo José Corrêa de</subfield>
<subfield code="u">LinkFit Ltda</subfield></datafield>
<datafield tag="720" ind1="1" ind2=" ">
<subfield code="a">Jorge, Carla de Sousa Lago Moussalli</subfield>
<subfield code="u">LinkFit Ltda</subfield></datafield>
<datafield tag="720" ind1="1" ind2=" ">
<subfield code="a">Ramos, Vinícius Delgado</subfield>
<subfield code="u">Universidade de São Paulo. Faculdade de Medicina. Hospital das Clínicas. Instituto de Medicina Física e Reabilitação</subfield></datafield>
<datafield tag="720" ind1="1" ind2=" ">
<subfield code="a">Battistella, Linamara Rizzo</subfield>
<subfield code="u">Universidade de São Paulo. Faculdade de Medicina</subfield></datafield>
<datafield tag="520" ind1=" " ind2=" ">
<subfield code="a"> Medidas alternativas e de baixo custo podem ser importantes para análise do movimento humano. Objetivo: Verificar a concordância de análise de movimento humano entre aplicativo de monitoramento por meio de inteligência artificial com análise tridimensional de movimento. Método: Estudo transversal observacional no qual voluntário sadio realizou movimentos de: flexão dos braços, flexão de cotovelos, flexão de tronco, inclinação de tronco e sentar e levantar. As imagens foram captadas por meio de sistema de análise tridimensional do movimento por câmeras infravermelhas e pelo aplicativo da Linkfit por meio de dois dispositivos móveis (smartphones). Foram comparados os ângulos estimados pelo aplicativo da Linkfit com os ângulos correspondentes medidos pelo sistema de análise tridimensional do movimento. Para comparar os ângulos da LinkFit com os ângulos mensurados pelo laboratório tridimensional de movimento, o teste de causalidade de Granger foi usado para cada série paralela dos dados.  Resultados: A utilização de técnicas de visão computacional e deep learning para detecção de movimento utilizando câmeras de celular mostrou um grau de concordância de 84% em relação à medidas geradas por análise tridimensional de movimento realizadas em laboratório. Conclusão: A utilização de técnicas de visão computacional e deep learning é promissora para a realização de estudos que envolvem a detecção do movimento do corpo humano, quando comparadas com medidas de padrão-ouro de análise de movimento, podendo ser portanto, uma  alternativa.  Estudos futuros devem ser realizados utilizando maior número de voluntários e movimentos, com o intuito de consolidar os resultados obtidos nesse estudo. </subfield>
</datafield>
<datafield tag="260" ind1=" " ind2=" ">
<subfield code="b">Faculdade de Medicina, Universidade de São Paulo</subfield>
</datafield>
<dataField tag="260" ind1=" " ind2=" ">
<subfield code="c">2022-03-31 00:00:00</subfield>
</dataField>   <datafield tag="856" ind1=" " ind2=" ">
<subfield code="q">application/pdf</subfield>
</datafield>
<datafield tag="856" ind1=" " ind2=" ">
<subfield code="q">application/pdf</subfield>
</datafield>
<datafield tag="856" ind1="4" ind2="0">
<subfield code="u">https://www.revistas.usp.br/actafisiatrica/article/view/194264</subfield>
</datafield>  <datafield tag="786" ind1="0" ind2=" ">
<subfield code="n">Acta Fisiátrica; v. 29 n. 1 (2022)</subfield>
</datafield>  <datafield tag="546" ind1=" " ind2=" ">
<subfield code="a">por</subfield>
</datafield>   <datafield tag="540" ind1=" " ind2=" ">
<subfield code="a">Copyright (c) 2022 Acta Fisiátrica</subfield>
</datafield>
</record>
</metadata>
</record>