
<record>
<header>
<identifier>oai:revistas.usp.br:article/194292</identifier>
<datestamp>2022-11-30T19:50:56Z</datestamp>
<setSpec>actafisiatrica:Art.+Orig.</setSpec>
<setSpec>driver</setSpec>
</header>
<metadata>
<record xmlns="http://www.loc.gov/MARC21/slim" xmlns:xsi="http://www.w3.org/2001/XMLSchema-instance" xsi:schemaLocation="http://www.loc.gov/MARC21/slim http://www.loc.gov/standards/marcxml/schema/MARC21slim.xsd">
<leader>     nmb a2200000Iu 4500</leader>
<controlfield tag="008">"220927 2022                        eng  "</controlfield>
<datafield tag="022" ind1="#" ind2="#">
<subfield code="$a">2317-0190</subfield>
</datafield>
<datafield tag="022" ind1="#" ind2="#">
<subfield code="$a">0104-7795</subfield>
</datafield>
<datafield tag="042" ind1=" " ind2=" ">
<subfield code="a">dc</subfield>
</datafield>
<datafield tag="245" ind1="0" ind2="0">
<subfield code="a">Comparação entre parâmetros isocinéticos da articulação do ombro com nível de independência funcional em usuários de cadeira de rodas manual</subfield>
</datafield>  <datafield tag="720" ind1="1" ind2=" ">
<subfield code="a">Flores, Roberta Cardozo</subfield>
<subfield code="u">Faculdade de Medicina de Marília</subfield><subfield code="0">https://orcid.org/0000-0002-5851-6865</subfield></datafield>
<datafield tag="720" ind1="1" ind2=" ">
<subfield code="a">Pereira, Alessandro José</subfield>
<subfield code="u">Faculdade de Medicina de Marília</subfield></datafield>
<datafield tag="720" ind1="1" ind2=" ">
<subfield code="a">Silva, Francine Casagrande Costa e</subfield>
<subfield code="u">Centro de Reabilitação Lucy Montoro de Marília</subfield></datafield>
<datafield tag="720" ind1="1" ind2=" ">
<subfield code="a">Crozara, Luciano Fernandes</subfield>
<subfield code="u">Centro de Reabilitação Lucy Montoro de Marília</subfield></datafield>
<datafield tag="720" ind1="1" ind2=" ">
<subfield code="a">Payão, Spencer Luiz Marques</subfield>
<subfield code="u">Faculdade de Medicina de Marília</subfield></datafield>
<datafield tag="520" ind1=" " ind2=" ">
<subfield code="a"> Shoulder pain is a common complaint in the wheelchair user’s population. This condition brings loss of independence and quality of life. Objective: The aim of this paper is to correlate shoulder joint isokinetic parameters and independence level of manual wheelchair users with or without pain. We hypothesize that   users more independent are exposed to overuse injury of shoulder joints. Method:  This is an explorative cross-sectional study with a quantitative approach. Community patients attended at a Rehabilitation Center. Manual wheelchair users. Twenty-four patients participated, we used the Functional Independence Measurement (FIM) to investigate the independent level of wheeled patients and isokinetic parameters of internal/external rotators and flexion/extension muscles of shoulder joint was collected using Biodex System 4 Pro. Statistical analyses were made by Fisher Test, Spiro-Wilk Test, Pearson Correlation test, Spearman test and the Coefficient of correlation’s value was squared to estimate the percentage of variation in dependent variable, explained by independent variable. Results: Total FIM variation was between 79 and 117 and median ipsilateral strength ratio of rotator muscles were 0.94 on 75°/s and 0.95 on 150°/s for the right limb and respectively 0.96 and 0.93 for the left limb. Conclusion: Wheelchair users present internal/external rotators shoulder muscles imbalance and the covariations samples of time of injury and peak torque ratio external/internal shoulder rotators have a significant predictive value on total MIF. These results suggest that there is correlation between the studied patients and shoulder impairment. </subfield>
</datafield>
<datafield tag="260" ind1=" " ind2=" ">
<subfield code="b">Faculdade de Medicina, Universidade de São Paulo</subfield>
</datafield>
<dataField tag="260" ind1=" " ind2=" ">
<subfield code="c">2022-09-27 11:51:32</subfield>
</dataField>   <datafield tag="856" ind1=" " ind2=" ">
<subfield code="q">application/pdf</subfield>
</datafield>
<datafield tag="856" ind1="4" ind2="0">
<subfield code="u">https://www.revistas.usp.br/actafisiatrica/article/view/194292</subfield>
</datafield>  <datafield tag="786" ind1="0" ind2=" ">
<subfield code="n">Acta Fisiátrica; v. 29 n. 3 (2022)</subfield>
</datafield>  <datafield tag="546" ind1=" " ind2=" ">
<subfield code="a">eng</subfield>
</datafield>   <datafield tag="540" ind1=" " ind2=" ">
<subfield code="a">Copyright (c) 2022 Acta Fisiátrica</subfield>
</datafield>
</record>
</metadata>
</record>