
<record>
<header>
<identifier>oai:revistas.usp.br:article/194435</identifier>
<datestamp>2022-11-30T19:50:56Z</datestamp>
<setSpec>actafisiatrica:Art.+Rev.</setSpec>
<setSpec>driver</setSpec>
</header>
<metadata>
<record xmlns="http://www.loc.gov/MARC21/slim" xmlns:xsi="http://www.w3.org/2001/XMLSchema-instance" xsi:schemaLocation="http://www.loc.gov/MARC21/slim http://www.loc.gov/standards/marcxml/schema/MARC21slim.xsd">
<leader>     nmb a2200000Iu 4500</leader>
<controlfield tag="008">"220927 2022                        eng  "</controlfield>
<datafield tag="022" ind1="#" ind2="#">
<subfield code="$a">2317-0190</subfield>
</datafield>
<datafield tag="022" ind1="#" ind2="#">
<subfield code="$a">0104-7795</subfield>
</datafield>
<datafield tag="042" ind1=" " ind2=" ">
<subfield code="a">dc</subfield>
</datafield>
<datafield tag="245" ind1="0" ind2="0">
<subfield code="a">Facilitadores do acesso da pessoa com deficiência aos serviços de saúde: revisão de escopo</subfield>
</datafield>  <datafield tag="720" ind1="1" ind2=" ">
<subfield code="a"> Silva, Simone Vieira da</subfield>
<subfield code="u">Universidade de São Paulo. Faculdade de Medicina</subfield><subfield code="0">https://orcid.org/0000-0002-7430-5208</subfield></datafield>
<datafield tag="720" ind1="1" ind2=" ">
<subfield code="a">Clemente, Karina Aparecida Padilha</subfield>
<subfield code="u">Universidade de São Paulo. Faculdade de Medicina</subfield><subfield code="0">https://orcid.org/0000-0002-0985-9626</subfield></datafield>
<datafield tag="720" ind1="1" ind2=" ">
<subfield code="a">Vieira, Gislene Inoue</subfield>
<subfield code="u">Prefeitura Municipal de São Paulo</subfield><subfield code="0">https://orcid.org/0000-0002-6536-9218</subfield></datafield>
<datafield tag="720" ind1="1" ind2=" ">
<subfield code="a">Bortoli, Maritsa Carla de</subfield>
<subfield code="u">Secretaria de Estado da Saude de Sao Paulo. Instituto de Saude</subfield><subfield code="0">https://orcid.org/0000-0001-8236-7233</subfield></datafield>
<datafield tag="720" ind1="1" ind2=" ">
<subfield code="a">Toma, Tereza </subfield>
<subfield code="u">Secretaria de Estado da Saude de Sao Paulo. Instituto de Saude</subfield><subfield code="0">https://orcid.org/0000-0001-9531-9951</subfield></datafield>
<datafield tag="720" ind1="1" ind2=" ">
<subfield code="a">Ramos, Vinícius Delgado</subfield>
<subfield code="u">Universidade de São Paulo. Faculdade de Medicina </subfield><subfield code="0">https://orcid.org/0000-0002-4566-6637</subfield></datafield>
<datafield tag="720" ind1="1" ind2=" ">
<subfield code="a">Brito, Christina May Moran de</subfield>
<subfield code="u">Instituto do Cancer do Estado de São Paulo</subfield><subfield code="0">https://orcid.org/0000-0003-3775-6533</subfield></datafield>
<datafield tag="520" ind1=" " ind2=" ">
<subfield code="a"> Objetivo: Este estudo tem como objetivo analisar as evidências científicas globais e locais relativas aos facilitadores que promovem o acesso de pessoas com deficiência aos serviços de saúde. Métodos: Realizou-se uma revisão de escopo, estabelecendo-se a pergunta norteadora: “Quais são os principais facilitadores que as pessoas com deficiência encontram no acesso a serviços de saúde?” O levantamento dos artigos foi realizado em julho de 2019, em seis bases de dados de literatura científica. Dos 1.155 documentos identificados nas buscas, após seleção por título e resumo, foram lidas 170 publicações na íntegra e incluídas 76 revisões da literatura, que foram categorizadas conforme referencial teórico. Resultados: A revisão elenca os facilitadores identificados por prestadores de serviços e por pessoas com deficiência e os seus familiares e/ou cuidadores, em todos os níveis de complexidade dos cuidados de saúde. Os facilitadores foram categorizados pelas diferentes dimensões do acesso e da Lei Brasileira de Inclusão. Os principais facilitadores identificados, tanto pelos usuários dos serviços quanto pelos prestadores de serviço, incluem a disponibilidade de programas de promoção à saúde, profissionais capacitados, informações sobre os serviços prestados, orientação em cuidados de saúde, serviços de cuidados específicos de reabilitação e suporte social. Conclusões: Evidenciamos que faltam estudos nacionais sobre esta temática e que os facilitadores para o acesso aos serviços de saúde para as pessoas com deficiência precisam ser mais profundamente abordados na literatura cientifica como um todo. O melhor entendimento desta realidade é de grande valia para o incremento de políticas públicas e implementação de estratégias voltadas à promoção do acesso aos serviços de saúde. </subfield>
</datafield>
<datafield tag="260" ind1=" " ind2=" ">
<subfield code="b">Faculdade de Medicina, Universidade de São Paulo</subfield>
</datafield>
<dataField tag="260" ind1=" " ind2=" ">
<subfield code="c">2022-09-27 11:51:32</subfield>
</dataField>   <datafield tag="856" ind1=" " ind2=" ">
<subfield code="q">application/pdf</subfield>
</datafield>
<datafield tag="856" ind1="4" ind2="0">
<subfield code="u">https://www.revistas.usp.br/actafisiatrica/article/view/194435</subfield>
</datafield>  <datafield tag="786" ind1="0" ind2=" ">
<subfield code="n">Acta Fisiátrica; v. 29 n. 3 (2022)</subfield>
</datafield>  <datafield tag="546" ind1=" " ind2=" ">
<subfield code="a">por</subfield>
</datafield>   <datafield tag="540" ind1=" " ind2=" ">
<subfield code="a">Copyright (c) 2022 Acta Fisiátrica</subfield>
</datafield>
</record>
</metadata>
</record>