
<record>
<header>
<identifier>oai:revistas.usp.br:article/194458</identifier>
<datestamp>2022-09-27T14:54:06Z</datestamp>
<setSpec>actafisiatrica:Art.+Orig.</setSpec>
<setSpec>driver</setSpec>
</header>
<metadata>
<record xmlns="http://www.loc.gov/MARC21/slim" xmlns:xsi="http://www.w3.org/2001/XMLSchema-instance" xsi:schemaLocation="http://www.loc.gov/MARC21/slim http://www.loc.gov/standards/marcxml/schema/MARC21slim.xsd">
<leader>     nmb a2200000Iu 4500</leader>
<controlfield tag="008">"220628 2022                        eng  "</controlfield>
<datafield tag="022" ind1="#" ind2="#">
<subfield code="$a">2317-0190</subfield>
</datafield>
<datafield tag="022" ind1="#" ind2="#">
<subfield code="$a">0104-7795</subfield>
</datafield>
<datafield tag="042" ind1=" " ind2=" ">
<subfield code="a">dc</subfield>
</datafield>
<datafield tag="245" ind1="0" ind2="0">
<subfield code="a">Quedas hospitalares em indivíduos com lesão medular: caracterização de uma amostra de pacientes internados em um hospital de reabilitação</subfield>
</datafield>  <datafield tag="720" ind1="1" ind2=" ">
<subfield code="a">Cunha, Naira Beatriz Favoretto</subfield>
<subfield code="u">Rede Sarah de Hospitais de Reabilitação - Unidade em Belo Horizonte</subfield></datafield>
<datafield tag="720" ind1="1" ind2=" ">
<subfield code="a">Maia, Gabriela Afonso Galante</subfield>
<subfield code="u">Rede Sarah de Hospitais de Reabilitação - Unidade em Belo Horizonte</subfield></datafield>
<datafield tag="720" ind1="1" ind2=" ">
<subfield code="a">Reuter, Danyelle Rodrigues Pelegrino</subfield>
<subfield code="u">Rede Sarah de Hospitais de Reabilitação - Unidade em Belo Horizonte</subfield></datafield>
<datafield tag="720" ind1="1" ind2=" ">
<subfield code="a">Lopes, Marjoyre Anne Lindozo</subfield>
<subfield code="u">Rede Sarah de Hospitais de Reabilitação - Unidade em Belo Horizonte</subfield></datafield>
<datafield tag="520" ind1=" " ind2=" ">
<subfield code="a"> Queda é definida como o deslocamento não intencional, com incapacidade de correção em tempo hábil do corpo a um nível inferior à posição inicial. Quedas, em hospitais, são mais frequentes em unidades com pacientes idosos, neurológicos e de reabilitação. Objetivos: Trata-se de um estudo descritivo de análise retrospectiva, com objetivo de caracterizar o perfil dos pacientes com lesão medular (LM) que apresentaram queda durante internação em um hospital de reabilitação e analisar a associação das características clínicas e das quedas dos pacientes com a presença ou não de dano após a queda. Método: Dados coletados de prontuários entre janeiro/2015 e dezembro/2017. A amostra compôs-se de pacientes adultos com LM. Excluídos prontuários cuja análise não permitiu o levantamento dos dados. A análise estatística utilizou medidas de tendência central e dispersão para as variáveis quantitativas e medidas de frequência para as categóricas. Utilizado teste Qui-quadrado de Pearson exato para avaliar a associação das variáveis e presença de dano após queda, com exceção da idade, analisada pelo teste Man-Whitney. Resultados: Analisados 173 prontuários. Observou-se maior frequência de quedas em homens com paraplegia, durante o dia, em atividades não supervisionadas e durante o uso de cadeira de rodas. Não houve associação entre as variáveis de caracterização da amostra e quedas com dano. Conclusão: As quedas acometeram principalmente indivíduos com lesões torácicas, usuários de cadeira de rodas, durante a locomoção, transferências e ao empiná-las. Ressalta-se a importância do treino de habilidades em cadeira de rodas para ampliar as habilidades no uso desse recurso. </subfield>
</datafield>
<datafield tag="260" ind1=" " ind2=" ">
<subfield code="b">Faculdade de Medicina, Universidade de São Paulo</subfield>
</datafield>
<dataField tag="260" ind1=" " ind2=" ">
<subfield code="c">2022-06-28 14:49:26</subfield>
</dataField>   <datafield tag="856" ind1=" " ind2=" ">
<subfield code="q">application/pdf</subfield>
</datafield>
<datafield tag="856" ind1=" " ind2=" ">
<subfield code="q">application/pdf</subfield>
</datafield>
<datafield tag="856" ind1="4" ind2="0">
<subfield code="u">https://www.revistas.usp.br/actafisiatrica/article/view/194458</subfield>
</datafield>  <datafield tag="786" ind1="0" ind2=" ">
<subfield code="n">Acta Fisiátrica; v. 29 n. 2 (2022)</subfield>
</datafield>  <datafield tag="546" ind1=" " ind2=" ">
<subfield code="a">por</subfield>
</datafield>   <datafield tag="540" ind1=" " ind2=" ">
<subfield code="a">Copyright (c) 2022 Acta Fisiátrica</subfield>
</datafield>
</record>
</metadata>
</record>