
<record>
<header>
<identifier>oai:revistas.usp.br:article/195454</identifier>
<datestamp>2022-11-30T19:50:56Z</datestamp>
<setSpec>actafisiatrica:Art.+Orig.</setSpec>
<setSpec>driver</setSpec>
</header>
<metadata>
<record xmlns="http://www.loc.gov/MARC21/slim" xmlns:xsi="http://www.w3.org/2001/XMLSchema-instance" xsi:schemaLocation="http://www.loc.gov/MARC21/slim http://www.loc.gov/standards/marcxml/schema/MARC21slim.xsd">
<leader>     nmb a2200000Iu 4500</leader>
<controlfield tag="008">"220927 2022                        eng  "</controlfield>
<datafield tag="022" ind1="#" ind2="#">
<subfield code="$a">2317-0190</subfield>
</datafield>
<datafield tag="022" ind1="#" ind2="#">
<subfield code="$a">0104-7795</subfield>
</datafield>
<datafield tag="042" ind1=" " ind2=" ">
<subfield code="a">dc</subfield>
</datafield>
<datafield tag="245" ind1="0" ind2="0">
<subfield code="a">Força de preensão manual, capacidade funcional e estado cognitivo em centenários</subfield>
</datafield>  <datafield tag="720" ind1="1" ind2=" ">
<subfield code="a">Capanema, Bruna da Silva Vieira </subfield>
<subfield code="u">Universidade do Estado de Santa Catarina</subfield><subfield code="0">https://orcid.org/0000-0002-9507-8286</subfield></datafield>
<datafield tag="720" ind1="1" ind2=" ">
<subfield code="a">Franco, Pedro Silvelo</subfield>
<subfield code="u">Universidade do Estado de Santa Catarina</subfield></datafield>
<datafield tag="720" ind1="1" ind2=" ">
<subfield code="a">Pereira, Franciele da Silva </subfield>
<subfield code="u">Universidade do Estado de Santa Catarina</subfield></datafield>
<datafield tag="720" ind1="1" ind2=" ">
<subfield code="a">Fank, Felipe</subfield>
<subfield code="u">Universidade do Estado de Santa Catarina</subfield></datafield>
<datafield tag="720" ind1="1" ind2=" ">
<subfield code="a">Mazo, Giovana Zarpellon </subfield>
<subfield code="u">Universidade do Estado de Santa Catarina</subfield></datafield>
<datafield tag="520" ind1=" " ind2=" ">
<subfield code="a"> Objective: To compare and correlate handgrip strength (HGS) with functional capacity and cognitive status in centenarians. Method: This is a cross-sectional study. The study population consisted of 127 centenarians, of which 78 met the inclusion criteria, with a mean age of 101.7 ± 2.52 years. Cognitive status was assessed using the Mini-Mental State Examination (MMSE) and functional capacity using the Katz Scale. To investigate HGS, we used a manual dynamometer. The level of significance was 5%. Results: Centenarian men have higher right (p= 0.005) and left (p&lt;0.001) HGS compared to women. About functional capacity, centenarians more functional present higher right and left HGS (p&lt;0.001) when compared to intermediate and less functional. Furthermore, when analyzing cognition, centenarians with preserved cognitive status have higher right and left HGS (p&lt;0.001) than cognitively impaired elderly. In the relationship analysis, it was possible to verify that the lower the MMSE score, the higher the right (rho= 0.59; p&lt;0.001) and left (rho= 0.57; p&lt;0.001) HGS. Furthermore, the lower the Katz Scale score, the higher the right (rho= -0.53; p&lt;0.001) and left (rho= -0.57; p&lt;0.001) HGS. Conclusion: Our results show that male centenarians, more functional and with preserved cognitive status have higher HGS in both hands. Moreover, we found a moderate negative relationship between HGS and functional capacity and a moderate positive relationship between HGS and cognitive status of centenarians. </subfield>
</datafield>
<datafield tag="260" ind1=" " ind2=" ">
<subfield code="b">Faculdade de Medicina, Universidade de São Paulo</subfield>
</datafield>
<dataField tag="260" ind1=" " ind2=" ">
<subfield code="c">2022-09-27 11:51:32</subfield>
</dataField>   <datafield tag="856" ind1=" " ind2=" ">
<subfield code="q">application/pdf</subfield>
</datafield>
<datafield tag="856" ind1="4" ind2="0">
<subfield code="u">https://www.revistas.usp.br/actafisiatrica/article/view/195454</subfield>
</datafield>  <datafield tag="786" ind1="0" ind2=" ">
<subfield code="n">Acta Fisiátrica; v. 29 n. 3 (2022)</subfield>
</datafield>  <datafield tag="546" ind1=" " ind2=" ">
<subfield code="a">eng</subfield>
</datafield>   <datafield tag="540" ind1=" " ind2=" ">
<subfield code="a">Copyright (c) 2022 Acta Fisiátrica</subfield>
</datafield>
</record>
</metadata>
</record>