
<record>
<header>
<identifier>oai:revistas.usp.br:article/195477</identifier>
<datestamp>2022-11-30T19:50:56Z</datestamp>
<setSpec>actafisiatrica:Art.+Orig.</setSpec>
<setSpec>driver</setSpec>
</header>
<metadata>
<record xmlns="http://www.loc.gov/MARC21/slim" xmlns:xsi="http://www.w3.org/2001/XMLSchema-instance" xsi:schemaLocation="http://www.loc.gov/MARC21/slim http://www.loc.gov/standards/marcxml/schema/MARC21slim.xsd">
<leader>     nmb a2200000Iu 4500</leader>
<controlfield tag="008">"220927 2022                        eng  "</controlfield>
<datafield tag="022" ind1="#" ind2="#">
<subfield code="$a">2317-0190</subfield>
</datafield>
<datafield tag="022" ind1="#" ind2="#">
<subfield code="$a">0104-7795</subfield>
</datafield>
<datafield tag="042" ind1=" " ind2=" ">
<subfield code="a">dc</subfield>
</datafield>
<datafield tag="245" ind1="0" ind2="0">
<subfield code="a">Associação entre o total de quedas relatadas e o número de barreiras ergonômicas domiciliares</subfield>
</datafield>  <datafield tag="720" ind1="1" ind2=" ">
<subfield code="a">Ferreira, Miguel Jânio Costa</subfield>
<subfield code="u">Universidade CEUMA</subfield></datafield>
<datafield tag="720" ind1="1" ind2=" ">
<subfield code="a">Dibai, Daniela Bassi</subfield>
<subfield code="u">Universidade CEUMA</subfield><subfield code="0">https://orcid.org/0000-0002-6140-0177</subfield></datafield>
<datafield tag="720" ind1="1" ind2=" ">
<subfield code="a">Santos, Alisson Sousa </subfield>
<subfield code="u">Universidade CEUMA</subfield><subfield code="0">https://orcid.org/0000-0003-3678-5295</subfield></datafield>
<datafield tag="720" ind1="1" ind2=" ">
<subfield code="a">Carneiro, Andréa Santana</subfield>
<subfield code="u">Universidade CEUMA</subfield><subfield code="0">https://orcid.org/0000-0001-9670-5010</subfield></datafield>
<datafield tag="720" ind1="1" ind2=" ">
<subfield code="a">Soares, Karla Virginia Bezerra de Castro</subfield>
<subfield code="u">Universidade CEUMA</subfield></datafield>
<datafield tag="720" ind1="1" ind2=" ">
<subfield code="a">Rêgo, Adriana Sousa </subfield>
<subfield code="u">Universidade CEUMA</subfield><subfield code="0">https://orcid.org/0000-0002-2494-030X</subfield></datafield>
<datafield tag="720" ind1="1" ind2=" ">
<subfield code="a">Monteiro, Silvio Gomes</subfield>
<subfield code="u">Universidade Federal do Maranhão</subfield><subfield code="0">https://orcid.org/0000-0002-4185-4577</subfield></datafield>
<datafield tag="720" ind1="1" ind2=" ">
<subfield code="a">Gonçalves, Maria Claudia</subfield>
<subfield code="u">Universidade CEUMA</subfield><subfield code="0">https://orcid.org/0000-0001-6457-2794</subfield></datafield>
<datafield tag="520" ind1=" " ind2=" ">
<subfield code="a"> Objetivo: Investigar a associação entre o número total de quedas no último ano e o número de barreiras ergonômicas domiciliares (BED). Método: Estudo transversal, voluntários com idade ≥60 anos foram incluídos no estudo. A história de quedas e o número de BED foram avaliados por meio de um questionário, a vulnerabilidade através do Vulnerable Elders Survey 13 (VES-13) e o medo de cair observado pela Falls Efficacy Scale - International- Brazilian (FES-I- BR). A normalidade dos dados foi verificada com o teste de Kolmogorov-Smirnov, a correlação entre total de quedas e a quantidade de barreiras ergonômicas foi verificada com teste de Spearman e associação entre as barreiras ergonômicas e os grupos com e sem histórico de quedas no último ano, através da regressão logística bivariada e pelo teste de Qui-quadrado, o nível de significância de p≤ 0,05 foi adotado. Resultados: Dos 123 indivíduos avaliados, 48% tinham histórico de quedas, com média de 3,83±1,96. A falta de barras de apoio foi considerada protetora [OR= 0,30; p= 0,042] e a ausência de pisos uniformes e tapetes bem fixados foram considerados fatores de risco para quedas [OR= 3,71; p= 0,004]. Idosos com histórico de quedas com ≥ 04 BED, apresentaram maior risco de quedas [OR= 5,98 p&lt;0,0001]. Conclusão: A quantidade ≥ 04 BED está associada a histórico de quedas, a ausência de corrimão é fator de proteção e pisos irregulares ou escorregadios são fatores de risco para quedas. </subfield>
</datafield>
<datafield tag="260" ind1=" " ind2=" ">
<subfield code="b">Faculdade de Medicina, Universidade de São Paulo</subfield>
</datafield>
<dataField tag="260" ind1=" " ind2=" ">
<subfield code="c">2022-09-27 11:51:32</subfield>
</dataField>   <datafield tag="856" ind1=" " ind2=" ">
<subfield code="q">application/pdf</subfield>
</datafield>
<datafield tag="856" ind1="4" ind2="0">
<subfield code="u">https://www.revistas.usp.br/actafisiatrica/article/view/195477</subfield>
</datafield>  <datafield tag="786" ind1="0" ind2=" ">
<subfield code="n">Acta Fisiátrica; v. 29 n. 3 (2022)</subfield>
</datafield>  <datafield tag="546" ind1=" " ind2=" ">
<subfield code="a">por</subfield>
</datafield>   <datafield tag="540" ind1=" " ind2=" ">
<subfield code="a">Copyright (c) 2022 Acta Fisiátrica</subfield>
</datafield>
</record>
</metadata>
</record>