
<record>
<header>
<identifier>oai:revistas.usp.br:article/196063</identifier>
<datestamp>2023-04-17T17:41:07Z</datestamp>
<setSpec>actafisiatrica:Art.+Orig.</setSpec>
<setSpec>driver</setSpec>
</header>
<metadata>
<record xmlns="http://www.loc.gov/MARC21/slim" xmlns:xsi="http://www.w3.org/2001/XMLSchema-instance" xsi:schemaLocation="http://www.loc.gov/MARC21/slim http://www.loc.gov/standards/marcxml/schema/MARC21slim.xsd">
<leader>     nmb a2200000Iu 4500</leader>
<controlfield tag="008">"221228 2022                        eng  "</controlfield>
<datafield tag="022" ind1="#" ind2="#">
<subfield code="$a">2317-0190</subfield>
</datafield>
<datafield tag="022" ind1="#" ind2="#">
<subfield code="$a">0104-7795</subfield>
</datafield>
<datafield tag="042" ind1=" " ind2=" ">
<subfield code="a">dc</subfield>
</datafield>
<datafield tag="245" ind1="0" ind2="0">
<subfield code="a">Avaliação da vulnerabilidade clínico-funcional de idosos frágeis após programa de exercícios</subfield>
</datafield>  <datafield tag="720" ind1="1" ind2=" ">
<subfield code="a">Rodrigues, Anisia Gabriela Maturano</subfield>
<subfield code="u">Faculdades Santo Agostinho </subfield></datafield>
<datafield tag="720" ind1="1" ind2=" ">
<subfield code="a">Cruz, Ana Laura Becheleni da</subfield>
<subfield code="u">Faculdades Santo Agostinho </subfield><subfield code="0">https://orcid.org/0000-0002-3006-1088</subfield></datafield>
<datafield tag="720" ind1="1" ind2=" ">
<subfield code="a">Ribeiro Durães, Renata </subfield>
<subfield code="u">Faculdades Santo Agostinho</subfield><subfield code="0">https://orcid.org/0000-0002-0871-146X</subfield></datafield>
<datafield tag="720" ind1="1" ind2=" ">
<subfield code="a">Durães, Keilla Silva Mendes</subfield>
<subfield code="u">Universidade Estadual de Montes Claros </subfield><subfield code="0">https://orcid.org/0000-0002-9003-2174</subfield></datafield>
<datafield tag="720" ind1="1" ind2=" ">
<subfield code="a">Jesus, Ely Carlos Pereira de</subfield>
<subfield code="u">Universidade Estadual de Montes Claros</subfield><subfield code="0">https://orcid.org/0000-0003-2071-6287</subfield></datafield>
<datafield tag="720" ind1="1" ind2=" ">
<subfield code="a">Maia, Luciana Colares</subfield>
<subfield code="u">Universidade Estadual de Montes Claros</subfield><subfield code="0">https://orcid.org/0000-0001-6359-3593</subfield></datafield>
<datafield tag="720" ind1="1" ind2=" ">
<subfield code="a">Tinini, Rodolpho Cesar dos Reis</subfield>
<subfield code="u">Universidade Federal de Minas Gerais</subfield></datafield>
<datafield tag="720" ind1="1" ind2=" ">
<subfield code="a">Rodrigues, Ana Carolina de Mello Alves</subfield>
<subfield code="u">Faculdades Santo Agostinho </subfield><subfield code="0">https://orcid.org/0000-0002-1722-1737</subfield></datafield>
<datafield tag="520" ind1=" " ind2=" ">
<subfield code="a"> O envelhecimento promove mudanças na autonomia e dependência dos idosos que associado a fatores adversos pode levar o indivíduo a um estado de fragilidade. Entretanto, a prática de exercícios físicos tem mostrado efeitos positivos na funcionalidade que pode contribuir na diminuição do risco de vulnerabilidade do idoso frágil. Objetivo: Avaliar o efeito dos exercícios nos domínios avaliados pelo Índice de Vulnerabilidade Clinico-funcional (IVCF-20) em idosos frágeis. Método: Cinquenta e seis idosos frágeis de ambos os sexos, atendidos no Centro de Referência em Assistência à Saúde do Idoso - Eny Faria De Oliveira – CRASI, foram avaliados por meio do IVCF-20 antes e depois de 10 sessões de fisioterapia. Os 8 domínios que compõem o IVCF-20 foram analisados individualmente. O Teste de Friedman foi utilizado para comparação pré e pós-reabilitação intragrupo. Resultados: Foram observadas diferenças significativas nos domínios de atividades de vida diária, cognição, humor, mobilidade e comunicação pós-treinamento (p&lt;0,01) no grupo feminino e masculino. Conclusão: Programas de exercícios podem contribuir na melhora da mobilidade, cognição e funcionalidade dos idosos frágeis. </subfield>
</datafield>
<datafield tag="260" ind1=" " ind2=" ">
<subfield code="b">Faculdade de Medicina, Universidade de São Paulo</subfield>
</datafield>
<dataField tag="260" ind1=" " ind2=" ">
<subfield code="c">2022-12-28 00:00:00</subfield>
</dataField>   <datafield tag="856" ind1=" " ind2=" ">
<subfield code="q">application/pdf</subfield>
</datafield>
<datafield tag="856" ind1="4" ind2="0">
<subfield code="u">https://www.revistas.usp.br/actafisiatrica/article/view/196063</subfield>
</datafield>  <datafield tag="786" ind1="0" ind2=" ">
<subfield code="n">Acta Fisiátrica; v. 29 n. 4 (2022)</subfield>
</datafield>  <datafield tag="546" ind1=" " ind2=" ">
<subfield code="a">por</subfield>
</datafield>   <datafield tag="540" ind1=" " ind2=" ">
<subfield code="a">Copyright (c) 2022 Acta Fisiátrica</subfield>
</datafield>
</record>
</metadata>
</record>