
<record>
<header>
<identifier>oai:revistas.usp.br:article/196068</identifier>
<datestamp>2022-09-27T14:54:06Z</datestamp>
<setSpec>actafisiatrica:Art.+Orig.</setSpec>
<setSpec>driver</setSpec>
</header>
<metadata>
<record xmlns="http://www.loc.gov/MARC21/slim" xmlns:xsi="http://www.w3.org/2001/XMLSchema-instance" xsi:schemaLocation="http://www.loc.gov/MARC21/slim http://www.loc.gov/standards/marcxml/schema/MARC21slim.xsd">
<leader>     nmb a2200000Iu 4500</leader>
<controlfield tag="008">"220628 2022                        eng  "</controlfield>
<datafield tag="022" ind1="#" ind2="#">
<subfield code="$a">2317-0190</subfield>
</datafield>
<datafield tag="022" ind1="#" ind2="#">
<subfield code="$a">0104-7795</subfield>
</datafield>
<datafield tag="042" ind1=" " ind2=" ">
<subfield code="a">dc</subfield>
</datafield>
<datafield tag="245" ind1="0" ind2="0">
<subfield code="a">Características demográficas e de saúde associadas à mobilidade de idosos hospitalizados</subfield>
</datafield>  <datafield tag="720" ind1="1" ind2=" ">
<subfield code="a">Bordin, Danielle</subfield>
<subfield code="u">Universidade Estadual de Ponta Grossa</subfield><subfield code="0">http://orcid.org/0000-0002-1250-1975</subfield></datafield>
<datafield tag="720" ind1="1" ind2=" ">
<subfield code="a">Someya, Roberta Loren Nozuma de Carvalho</subfield>
<subfield code="u">Hospital Universitário Regional dos Campos Gerais</subfield><subfield code="0">https://orcid.org/0000-0002-8517-7125</subfield></datafield>
<datafield tag="720" ind1="1" ind2=" ">
<subfield code="a">Cabral, Luciane Patricia Andreani</subfield>
<subfield code="u">Universidade Estadual de Ponta Grossa</subfield><subfield code="0">https://orcid.org/0000-0001-9424-7431</subfield></datafield>
<datafield tag="720" ind1="1" ind2=" ">
<subfield code="a">Krum, Everson Augusto</subfield>
<subfield code="u">Universidade Estadual de Ponta Grossa</subfield><subfield code="0">https://orcid.org/0000-0002-0342-6424</subfield></datafield>
<datafield tag="720" ind1="1" ind2=" ">
<subfield code="a">Trupel, Lucas Lauriano Leme</subfield>
<subfield code="u">Universidade Estadual de Ponta Grossa</subfield><subfield code="0">https://orcid.org/0000-0003-2716-5377</subfield></datafield>
<datafield tag="720" ind1="1" ind2=" ">
<subfield code="a">Taques, Taís Ivastcheschen </subfield>
<subfield code="u">Universidade Estadual de Ponta Grossa</subfield><subfield code="0">https://orcid.org/0000-0001-8496-5990</subfield></datafield>
<datafield tag="720" ind1="1" ind2=" ">
<subfield code="a">Grden, Clóris Regina Blanski </subfield>
<subfield code="u">Universidade Estadual de Ponta Grossa</subfield><subfield code="0">https://orcid.org/0000-0001-6169-8826</subfield></datafield>
<datafield tag="520" ind1=" " ind2=" ">
<subfield code="a"> Objetivo: Avaliar as características demográficas e de saúde associadas à mobilidade de idosos internados. Método: Pesquisa observacional, transversal, desenvolvida com 335 idosos internados em um hospital de ensino. A coleta foi realizada por meio de questionário e exame físico. Considerou-se como variável dependente a mobilidade e independente as características demográficas e de saúde. Os dados foram analisados pelo teste qui-quadrado. Resultados: Verificou-se que 63% dos idosos apresentaram-se restritos ao leito. A mobilidade mostrou-se associada à faixa etária (p&lt;0,05), escolaridade (p&lt;0,05), presença de doença crônica (p&lt;0,05), multimorbidade (p&lt;0,05), setor de internamento (p&lt;0,05), tempo de internação (p&lt;0,05), uso de dispositivo (p&lt;0,05) e quantidade de dispositivos (p&lt;0,05). Conclusão: Constatou-se alta prevalência de mobilidade restrita ao leito junto a idosos hospitalizados. O reconhecimento precoce dos fatores associados a mobilidade favorece ações preventivas diretivas. </subfield>
</datafield>
<datafield tag="260" ind1=" " ind2=" ">
<subfield code="b">Faculdade de Medicina, Universidade de São Paulo</subfield>
</datafield>
<dataField tag="260" ind1=" " ind2=" ">
<subfield code="c">2022-06-28 14:49:26</subfield>
</dataField>   <datafield tag="856" ind1=" " ind2=" ">
<subfield code="q">application/pdf</subfield>
</datafield>
<datafield tag="856" ind1=" " ind2=" ">
<subfield code="q">application/pdf</subfield>
</datafield>
<datafield tag="856" ind1="4" ind2="0">
<subfield code="u">https://www.revistas.usp.br/actafisiatrica/article/view/196068</subfield>
</datafield>  <datafield tag="786" ind1="0" ind2=" ">
<subfield code="n">Acta Fisiátrica; v. 29 n. 2 (2022)</subfield>
</datafield>  <datafield tag="546" ind1=" " ind2=" ">
<subfield code="a">por</subfield>
</datafield>   <datafield tag="540" ind1=" " ind2=" ">
<subfield code="a">Copyright (c) 2022 Acta Fisiátrica</subfield>
</datafield>
</record>
</metadata>
</record>