
<record>
<header>
<identifier>oai:revistas.usp.br:article/196937</identifier>
<datestamp>2023-08-01T18:35:06Z</datestamp>
<setSpec>actafisiatrica:Art.+Orig.</setSpec>
<setSpec>driver</setSpec>
</header>
<metadata>
<record xmlns="http://www.loc.gov/MARC21/slim" xmlns:xsi="http://www.w3.org/2001/XMLSchema-instance" xsi:schemaLocation="http://www.loc.gov/MARC21/slim http://www.loc.gov/standards/marcxml/schema/MARC21slim.xsd">
<leader>     nmb a2200000Iu 4500</leader>
<controlfield tag="008">"230630 2023                        eng  "</controlfield>
<datafield tag="022" ind1="#" ind2="#">
<subfield code="$a">2317-0190</subfield>
</datafield>
<datafield tag="022" ind1="#" ind2="#">
<subfield code="$a">0104-7795</subfield>
</datafield>
<datafield tag="042" ind1=" " ind2=" ">
<subfield code="a">dc</subfield>
</datafield>
<datafield tag="245" ind1="0" ind2="0">
<subfield code="a">Relação entre risco e medo de queda em idosas participantes de projetos sociais</subfield>
</datafield>  <datafield tag="720" ind1="1" ind2=" ">
<subfield code="a"> Silva, Izabela Cipriano da</subfield>
<subfield code="u">Universidade Paranaense</subfield><subfield code="0">https://orcid.org/0000-0003-2470-7804</subfield></datafield>
<datafield tag="720" ind1="1" ind2=" ">
<subfield code="a">Oliveira, Daniel Vicentini de</subfield>
<subfield code="u">Universidade Cesumar</subfield><subfield code="0">https://orcid.org/0000-0002-0272-9773</subfield></datafield>
<datafield tag="720" ind1="1" ind2=" ">
<subfield code="a">Nascimento Júnior, José Roberto Andrade do </subfield>
<subfield code="u">Universidade Federal do Vale do São Francisco</subfield><subfield code="0">https://orcid.org/0000-0003-3836-6967</subfield></datafield>
<datafield tag="720" ind1="1" ind2=" ">
<subfield code="a">Fidelix, Yara Lucy</subfield>
<subfield code="u">Universidade Federal do Vale do São Francisco</subfield><subfield code="0">https://orcid.org/0000-0003-2390-0565</subfield></datafield>
<datafield tag="720" ind1="1" ind2=" ">
<subfield code="a">Nogueira, Greicequerli </subfield>
<subfield code="u">Universidade Cesumar</subfield><subfield code="0">https://orcid.org/0000-0002-5526-7883</subfield></datafield>
<datafield tag="720" ind1="1" ind2=" ">
<subfield code="a">Bennemann, Rose Mari</subfield>
<subfield code="u">Universidade Cesumar</subfield><subfield code="0">https://orcid.org/0000-0003-3946-6396</subfield></datafield>
<datafield tag="720" ind1="1" ind2=" ">
<subfield code="a">Acencio, Fabio Ricardo</subfield>
<subfield code="u">Universidade Cesumar</subfield><subfield code="0">https://orcid.org/0000-0002-6389-6196</subfield></datafield>
<datafield tag="520" ind1=" " ind2=" ">
<subfield code="a"> Objetivo: Verificar a relação entre o risco e o medo da queda em idosas participantes de um projeto social. Método: Estudo transversal, realizado com 59 idosas participantes de um projeto social ofertado no município de Cianorte–PR. Para avaliar o medo de cair foi utilizada a FES-1-BRASIL. Para avaliação da mobilidade da marcha e risco de queda foi aplicado o teste Timed Up &amp; Go (TUG). Para análise dos dados foi utilizado a estatística descritiva (frequência, percentual, média e desvio padrão), o teste de Kolmogorov-Smirnov, teste t de Student independente e a correlação de Pearson, sendo adotada a significância de p&lt; 0,05. Resultados: Idosas apresentaram risco moderado a alto de cair. Ao analisar o medo de cair das idosas, observou-se o escore médio de 27,4 ± 6,91. Já ao avaliar a mobilidade e equilíbrio de idosos através do TUG, verificou-se que o tempo médio foi de 11,6 ± 2,9 segundos. As idosas mais jovens e que estavam há mais de três anos no projeto apresentaram menor medo de cair e menor risco de queda (p= 0,039 e p= 0,001, respectivamente). Foram encontras as seguintes correlações significativas (p&lt; 0,05):  medo de cair com tempo de participação no projeto (r= -0,42); risco de queda com a idade (r= 0,29) e medo de cair (r= 0,56). Conclusão: A partir dos resultados obtidos, conclui-se que a idade e o tempo de participação no projeto parecem ser fatores intervenientes no medo de cair e no risco de quedas das idosas. Ressalta-se que as idosas mais jovens e com maior tempo de participação no projeto apresentaram menor medo e risco de cair. Além disso, foi possível observar que quanto maior o risco de queda, maior o medo de cair. </subfield>
</datafield>
<datafield tag="260" ind1=" " ind2=" ">
<subfield code="b">Faculdade de Medicina, Universidade de São Paulo</subfield>
</datafield>
<dataField tag="260" ind1=" " ind2=" ">
<subfield code="c">2023-06-30 00:00:00</subfield>
</dataField>   <datafield tag="856" ind1=" " ind2=" ">
<subfield code="q">application/pdf</subfield>
</datafield>
<datafield tag="856" ind1="4" ind2="0">
<subfield code="u">https://www.revistas.usp.br/actafisiatrica/article/view/196937</subfield>
</datafield>  <datafield tag="786" ind1="0" ind2=" ">
<subfield code="n">Acta Fisiátrica; v. 30 n. 2 (2023)</subfield>
</datafield>  <datafield tag="546" ind1=" " ind2=" ">
<subfield code="a">por</subfield>
</datafield>   <datafield tag="540" ind1=" " ind2=" ">
<subfield code="a">Copyright (c) 2023 Acta Fisiátrica</subfield>
</datafield>
</record>
</metadata>
</record>