
<record>
<header>
<identifier>oai:revistas.usp.br:article/197435</identifier>
<datestamp>2022-11-30T19:50:56Z</datestamp>
<setSpec>actafisiatrica:Art.+Orig.</setSpec>
<setSpec>driver</setSpec>
</header>
<metadata>
<record xmlns="http://www.loc.gov/MARC21/slim" xmlns:xsi="http://www.w3.org/2001/XMLSchema-instance" xsi:schemaLocation="http://www.loc.gov/MARC21/slim http://www.loc.gov/standards/marcxml/schema/MARC21slim.xsd">
<leader>     nmb a2200000Iu 4500</leader>
<controlfield tag="008">"220927 2022                        eng  "</controlfield>
<datafield tag="022" ind1="#" ind2="#">
<subfield code="$a">2317-0190</subfield>
</datafield>
<datafield tag="022" ind1="#" ind2="#">
<subfield code="$a">0104-7795</subfield>
</datafield>
<datafield tag="042" ind1=" " ind2=" ">
<subfield code="a">dc</subfield>
</datafield>
<datafield tag="245" ind1="0" ind2="0">
<subfield code="a">Fratura por fragilidade: fatores de risco em uma coorte retrospectiva</subfield>
</datafield>  <datafield tag="720" ind1="1" ind2=" ">
<subfield code="a">Ribeiro, Rayane Fonseca</subfield>
<subfield code="u"> Universidade Federal dos Vales do Jequitinhonha e Mucuri</subfield></datafield>
<datafield tag="720" ind1="1" ind2=" ">
<subfield code="a">Veloso, Cleber Henrique</subfield>
<subfield code="u">Universidade Federal dos Vales do Jequitinhonha e Mucuri</subfield></datafield>
<datafield tag="720" ind1="1" ind2=" ">
<subfield code="a">Batista, Renata Anastácia de Oliveira</subfield>
<subfield code="u">Universidade Federal dos Vales do Jequitinhonha e Mucuri</subfield></datafield>
<datafield tag="720" ind1="1" ind2=" ">
<subfield code="a">Oliveira, Tatiara de</subfield>
<subfield code="u">Universidade Federal dos Vales do Jequitinhonha e Mucuri</subfield></datafield>
<datafield tag="720" ind1="1" ind2=" ">
<subfield code="a">Santos, Sérgio Antunes</subfield>
<subfield code="u">Hospital Nossa Senhora da Saúde</subfield></datafield>
<datafield tag="720" ind1="1" ind2=" ">
<subfield code="a">Bastone, Alessandra de Carvalho</subfield>
<subfield code="u">Universidade Federal dos Vales do Jequitinhonha e Mucuri</subfield></datafield>
<datafield tag="520" ind1=" " ind2=" ">
<subfield code="a"> Objetivo: Avaliar os fatores de risco para fratura por fragilidade (FF) em pacientes internados em um hospital terciário de ensino, no município de Diamantina, Minas Gerais. Método: Dados sociodemográficos, de saúde, estilo de vida (tabagismo, consumo de álcool, exposição ao sol, nível de atividade física, hábitos alimentares), mobilidade e nível de dependência foram coletados dos prontuários de pacientes com 50 anos ou mais, internados com FF, no período de abril a setembro de 2020. Resultados: Um total de 52 pacientes foram internados com diagnóstico de FF, sendo 60% com diagnóstico de fratura proximal de fêmur. Somente 17,3% dos pacientes possuíam diagnóstico prévio de osteoporose. Os fatores de risco mais frequentes para FF foram sexo feminino, déficit cognitivo, sarcopenia, dinapenia, histórico familiar de osteoporose ou fratura por queda, baixa exposição ao sol, consumo insuficiente de leite e derivados, inatividade física e dependência nas atividades básicas e instrumentais de vida diária. Quando comparados os grupos com fratura proximal de fêmur e outras fraturas, o grupo com fratura proximal de fêmur apresentou maior frequência de indivíduos com idade avançada (≥ 80 anos), déficit cognitivo, baixo peso, sarcopenia, tabagismo, inatividade física e limitação na mobilidade, ao passo que o grupo com outras fraturas apresentou maior frequência de histórico familiar de osteoporose ou fratura por queda. Conclusão: Os resultados demonstraram um subdiagnóstico da osteoporose na população estudada. Muitos fatores de risco modificáveis para osteoporose e quedas foram identificados. Intervenções direcionadas para estes fatores de risco devem ser consideradas de forma a prevenir as FF. </subfield>
</datafield>
<datafield tag="260" ind1=" " ind2=" ">
<subfield code="b">Faculdade de Medicina, Universidade de São Paulo</subfield>
</datafield>
<dataField tag="260" ind1=" " ind2=" ">
<subfield code="c">2022-09-27 11:51:32</subfield>
</dataField>   <datafield tag="856" ind1=" " ind2=" ">
<subfield code="q">application/pdf</subfield>
</datafield>
<datafield tag="856" ind1=" " ind2=" ">
<subfield code="q">application/pdf</subfield>
</datafield>
<datafield tag="856" ind1="4" ind2="0">
<subfield code="u">https://www.revistas.usp.br/actafisiatrica/article/view/197435</subfield>
</datafield>  <datafield tag="786" ind1="0" ind2=" ">
<subfield code="n">Acta Fisiátrica; v. 29 n. 3 (2022)</subfield>
</datafield>  <datafield tag="546" ind1=" " ind2=" ">
<subfield code="a">por</subfield>
</datafield>   <datafield tag="540" ind1=" " ind2=" ">
<subfield code="a">Copyright (c) 2022 Acta Fisiátrica</subfield>
</datafield>
</record>
</metadata>
</record>