
<record>
<header>
<identifier>oai:revistas.usp.br:article/197705</identifier>
<datestamp>2023-08-01T18:35:06Z</datestamp>
<setSpec>actafisiatrica:Art.+Orig.</setSpec>
<setSpec>driver</setSpec>
</header>
<metadata>
<record xmlns="http://www.loc.gov/MARC21/slim" xmlns:xsi="http://www.w3.org/2001/XMLSchema-instance" xsi:schemaLocation="http://www.loc.gov/MARC21/slim http://www.loc.gov/standards/marcxml/schema/MARC21slim.xsd">
<leader>     nmb a2200000Iu 4500</leader>
<controlfield tag="008">"230630 2023                        eng  "</controlfield>
<datafield tag="022" ind1="#" ind2="#">
<subfield code="$a">2317-0190</subfield>
</datafield>
<datafield tag="022" ind1="#" ind2="#">
<subfield code="$a">0104-7795</subfield>
</datafield>
<datafield tag="042" ind1=" " ind2=" ">
<subfield code="a">dc</subfield>
</datafield>
<datafield tag="245" ind1="0" ind2="0">
<subfield code="a">Comparação da percepção da família e do fisioterapeuta utilizando o sistema GMFCS e o Questionário de Relato Familiar</subfield>
</datafield>  <datafield tag="720" ind1="1" ind2=" ">
<subfield code="a">Silva, Francine Souza da</subfield>
<subfield code="u">Associação de Assistência à Criança Deficiente </subfield></datafield>
<datafield tag="720" ind1="1" ind2=" ">
<subfield code="a">Moura, Elcinete Wentz de</subfield>
<subfield code="u">Associação de Assistência à Criança Deficiente</subfield><subfield code="0">https://orcid.org/0000-0002-7435-6531</subfield></datafield>
<datafield tag="720" ind1="1" ind2=" ">
<subfield code="a">Narumia, Lisa Carla </subfield>
<subfield code="u">Associação de Assistência à Criança Deficiente</subfield><subfield code="0">https://orcid.org/0000-0002-0538-1266</subfield></datafield>
<datafield tag="720" ind1="1" ind2=" ">
<subfield code="a">Uema Ozu, Márcia Harumi </subfield>
<subfield code="u">Associação de Assistência à Criança Deficiente</subfield><subfield code="0">https://orcid.org/0000-0003-2525-1984</subfield></datafield>
<datafield tag="520" ind1=" " ind2=" ">
<subfield code="a"> A Paralisia Cerebral (PC) é uma patologia amplamente conhecida e estudada entre os profissionais de saúde. No meio acadêmico, possui algumas classificações importantes que auxiliam a comunicação entre a equipe multiprofissional. O Sistema de Classificação da Função Motora Grossa (Gross Motor Function Classification System - GMFCS) classifica a função motora grossa do indivíduo segundo a habilidade do movimento autoiniciado, sendo dividido em cinco níveis. O domínio sobre a classificação e nível motor da criança devem ser de responsabilidade da equipe multiprofissional bem como o conhecimento por parte dos pais e ou responsáveis. Esse saber, muitas vezes pode estar limitado, e com isso a relação entre os profissionais de saúde, família e paciente pode entrar em conflito, gerando dúvidas. Objetivo: Este estudo tem por finalidade quantificar a concordância entre o conhecimento dos pais e/ou responsáveis sobre a classificação da função motora grossa quando comparados à classificação dada pelos fisioterapeutas e médicos, assim como, quantificar o quanto destes pais e/ou responsáveis já tinham um conhecimento prévio da classificação. Método: Trata-se de um estudo prospectivo observacional, com 96 pacientes, aos quais foram analisados em prontuário eletrônico. Sendo aplicado, então, o Questionário de Relato Familiar (GMFCS Family Report Questionnaire). Resultados: Em todas as variáveis dependentes avaliadas demonstrou-se uma taxa de concordância acima dos 60%; o valor de Kappa apresentado foi de k= &gt;0,7, havendo, portanto, uma confiabilidade entre grupos de moderada a forte. Conclusão: Em geral, os profissionais de saúde se apresentam mais suscetíveis a classificarem os pacientes em níveis funcionais melhores do que quando comparados aos pais/responsáveis. </subfield>
</datafield>
<datafield tag="260" ind1=" " ind2=" ">
<subfield code="b">Faculdade de Medicina, Universidade de São Paulo</subfield>
</datafield>
<dataField tag="260" ind1=" " ind2=" ">
<subfield code="c">2023-06-30 00:00:00</subfield>
</dataField>   <datafield tag="856" ind1=" " ind2=" ">
<subfield code="q">application/pdf</subfield>
</datafield>
<datafield tag="856" ind1="4" ind2="0">
<subfield code="u">https://www.revistas.usp.br/actafisiatrica/article/view/197705</subfield>
</datafield>  <datafield tag="786" ind1="0" ind2=" ">
<subfield code="n">Acta Fisiátrica; v. 30 n. 2 (2023)</subfield>
</datafield>  <datafield tag="546" ind1=" " ind2=" ">
<subfield code="a">por</subfield>
</datafield>   <datafield tag="540" ind1=" " ind2=" ">
<subfield code="a">Copyright (c) 2023 Acta Fisiátrica</subfield>
</datafield>
</record>
</metadata>
</record>