
<record>
<header>
<identifier>oai:revistas.usp.br:article/198613</identifier>
<datestamp>2023-04-17T17:41:07Z</datestamp>
<setSpec>actafisiatrica:Art.+Rev.</setSpec>
<setSpec>driver</setSpec>
</header>
<metadata>
<record xmlns="http://www.loc.gov/MARC21/slim" xmlns:xsi="http://www.w3.org/2001/XMLSchema-instance" xsi:schemaLocation="http://www.loc.gov/MARC21/slim http://www.loc.gov/standards/marcxml/schema/MARC21slim.xsd">
<leader>     nmb a2200000Iu 4500</leader>
<controlfield tag="008">"221228 2022                        eng  "</controlfield>
<datafield tag="022" ind1="#" ind2="#">
<subfield code="$a">2317-0190</subfield>
</datafield>
<datafield tag="022" ind1="#" ind2="#">
<subfield code="$a">0104-7795</subfield>
</datafield>
<datafield tag="042" ind1=" " ind2=" ">
<subfield code="a">dc</subfield>
</datafield>
<datafield tag="245" ind1="0" ind2="0">
<subfield code="a">Atuação da fisioterapia aquática na esclerose lateral amiotrófica: revisão integrativa da literatura</subfield>
</datafield>  <datafield tag="720" ind1="1" ind2=" ">
<subfield code="a">Nishida, Márjory Harumi</subfield>
<subfield code="u">Associação de Assistência à Criança Deficiente</subfield></datafield>
<datafield tag="720" ind1="1" ind2=" ">
<subfield code="a">Saito, Ana Paula Midori Sinzato</subfield>
<subfield code="u">Associação de Assistência à Criança Deficiente</subfield></datafield>
<datafield tag="720" ind1="1" ind2=" ">
<subfield code="a">Braga, Douglas Martins</subfield>
<subfield code="u">Associação de Assistência à Criança Deficiente</subfield></datafield>
<datafield tag="720" ind1="1" ind2=" ">
<subfield code="a">Freire, Fernando César</subfield>
<subfield code="u">Associação de Assistência à Criança Deficiente</subfield></datafield>
<datafield tag="720" ind1="1" ind2=" ">
<subfield code="a">Silva, Rafael Santos Ferreira da</subfield>
<subfield code="u">Associação de Assistência à Criança Deficiente</subfield></datafield>
<datafield tag="520" ind1=" " ind2=" ">
<subfield code="a"> A Esclerose Lateral Amiotrófica (ELA) é uma doença neurodegenerativa do sistema nervoso central, caracterizada pela rápida progressão e incapacidade, resultando em atrofia muscular, fraqueza generalizada e fasciculações, marcada pelo acometimento bulbar, ocasionando disartria, disfagia e desconforto respiratório. Objetivo: Avaliar por meio de uma revisão integrativa da literatura a intervenção da fisioterapêutica aquática na esclerose lateral amiotrófica. Métodos: Consiste em uma revisão integrativa desenvolvida com  base na estratégia PICO e registrada na plataforma PROSPERO – International prospective register of systematic reviews, 2020, seguindo as recomendações do checklist da PRISMA, abrangendo a leitura, análise e interpretação de artigos publicados na integra, em periódicos científicos disponibilizados em seu formato online, nos idiomas inglês e português, nas bases de dados Pubmed, Medline, Cochrane Library e Physiotherapy Evidence Database (PEDro), que abordaram a atuação da fisioterapia aquática apresentando seus resultados e condutas adotadas. Resultados: Dos 1.093 artigos encontrados, 5 foram selecionados para essa revisão, sendo respectivamente: 01 estudo randomizado com grupo de 22 pessoas; 02 estudos de caso com 1 pessoa, em cada estudo, do sexo masculino; 01 revisão sistemática da literatura, identificando 31 estudos que avaliaram o uso da fisioterapia aquática como tratamento em uma das quatro condições neurológicas, visão geral dos efeitos do treinamento físico em ratos e pacientes afetados pela ELA, através de uma revisão da literatura. Conclusão: Os estudos demostram que a fisioterapia aquática tem um futuro promissor, podendo ser considerado um importante recurso terapêutico para os pacientes com ELA, beneficiando tanto as questões motoras funcionais, como osaspectos psicológicos e sociais. </subfield>
</datafield>
<datafield tag="260" ind1=" " ind2=" ">
<subfield code="b">Faculdade de Medicina, Universidade de São Paulo</subfield>
</datafield>
<dataField tag="260" ind1=" " ind2=" ">
<subfield code="c">2022-12-28 00:00:00</subfield>
</dataField>   <datafield tag="856" ind1=" " ind2=" ">
<subfield code="q">application/pdf</subfield>
</datafield>
<datafield tag="856" ind1="4" ind2="0">
<subfield code="u">https://www.revistas.usp.br/actafisiatrica/article/view/198613</subfield>
</datafield>  <datafield tag="786" ind1="0" ind2=" ">
<subfield code="n">Acta Fisiátrica; v. 29 n. 4 (2022)</subfield>
</datafield>  <datafield tag="546" ind1=" " ind2=" ">
<subfield code="a">por</subfield>
</datafield>   <datafield tag="540" ind1=" " ind2=" ">
<subfield code="a">Copyright (c) 2022 Acta Fisiátrica</subfield>
</datafield>
</record>
</metadata>
</record>