
<record>
<header>
<identifier>oai:revistas.usp.br:article/198994</identifier>
<datestamp>2022-11-30T19:50:56Z</datestamp>
<setSpec>actafisiatrica:Art.+Orig.</setSpec>
<setSpec>driver</setSpec>
</header>
<metadata>
<record xmlns="http://www.loc.gov/MARC21/slim" xmlns:xsi="http://www.w3.org/2001/XMLSchema-instance" xsi:schemaLocation="http://www.loc.gov/MARC21/slim http://www.loc.gov/standards/marcxml/schema/MARC21slim.xsd">
<leader>     nmb a2200000Iu 4500</leader>
<controlfield tag="008">"220927 2022                        eng  "</controlfield>
<datafield tag="022" ind1="#" ind2="#">
<subfield code="$a">2317-0190</subfield>
</datafield>
<datafield tag="022" ind1="#" ind2="#">
<subfield code="$a">0104-7795</subfield>
</datafield>
<datafield tag="042" ind1=" " ind2=" ">
<subfield code="a">dc</subfield>
</datafield>
<datafield tag="245" ind1="0" ind2="0">
<subfield code="a">Utilização clínica de testes e escalas funcionais: uma entrevista com Fisioterapeutas</subfield>
</datafield>  <datafield tag="720" ind1="1" ind2=" ">
<subfield code="a">Machado, Marina Leandro</subfield>
<subfield code="u">Universidade do Estado de Santa Catarina</subfield><subfield code="0">https://orcid.org/0000-0003-0012-5543</subfield></datafield>
<datafield tag="720" ind1="1" ind2=" ">
<subfield code="a">Sanada, Luciana Sayuri</subfield>
<subfield code="u">Universidade do Estado de Santa Catarina</subfield><subfield code="0">https://orcid.org/0000-0002-6530-6831</subfield></datafield>
<datafield tag="720" ind1="1" ind2=" ">
<subfield code="a">Mesquita, Raphael Schmidt de</subfield>
<subfield code="u">Universidade do Estado de Santa Catarina</subfield><subfield code="0">https://orcid.org/0000-0002-6827-226X</subfield></datafield>
<datafield tag="720" ind1="1" ind2=" ">
<subfield code="a">Okubo, Rodrigo</subfield>
<subfield code="u">Universidade do Estado de Santa Catarina</subfield><subfield code="0">https://orcid.org/0000-0003-3450-2183</subfield></datafield>
<datafield tag="520" ind1=" " ind2=" ">
<subfield code="a"> Objetivo: Investigar a utilização das escalas e testes funcionais por fisioterapeutas brasileiros que atuam clinicamente na área ortopédica, traumatológica e/ou esportiva. Métodos: Para coleta de dados foi utilizado um questionário eletrônico, autoaplicável, elaborado pelos autores, divulgado por meio de redes sociais. Os participantes foram divididos em quatro grupos conforme suas respostas: grupo que utiliza testes e escalas funcionais (GTE); grupo que utiliza somente testes funcionais (GST); grupo que utiliza somente escalas funcionais (GSE); grupo que não utiliza nenhum (GN). Para análise de dados, foi realizada uma análise descritiva dos dados sociodemográficos e profissionais dos participantes. A associação entre variáveis qualitativas nominais foi avaliada por meio do teste Qui quadrado. Resultados: Do total de 100 voluntários participantes da pesquisa, 75 compuseram o GTE, 19 o GST, 1 o GSE e 5 o GN, demonstrando alto índice de utilização tanto de escalas quanto de testes funcionais na prática clínica. Não foram encontradas associações (p&gt;0,05) entre o uso das ferramentas com características do profissional. As principais barreiras encontradas para não utilização das ferramentas foram a falta de tempo na sessão e o pouco conhecimento sobre os instrumentos. A maior parte dos participantes julga muito relevante o uso de avaliações funcionais na prática clínica. Conclusão: Os fisioterapeutas da amostra, em sua maioria, utilizam os testes e escalas funcionais na prática clínica. O principal uso dessas ferramentas é identificar as disfunções presentes nos pacientes durante as avaliações e as barreiras encontradas para não utilização são a falta de tempo e pouco conhecimento dos instrumentos. </subfield>
</datafield>
<datafield tag="260" ind1=" " ind2=" ">
<subfield code="b">Faculdade de Medicina, Universidade de São Paulo</subfield>
</datafield>
<dataField tag="260" ind1=" " ind2=" ">
<subfield code="c">2022-09-27 11:51:32</subfield>
</dataField>   <datafield tag="856" ind1=" " ind2=" ">
<subfield code="q">application/pdf</subfield>
</datafield>
<datafield tag="856" ind1="4" ind2="0">
<subfield code="u">https://www.revistas.usp.br/actafisiatrica/article/view/198994</subfield>
</datafield>  <datafield tag="786" ind1="0" ind2=" ">
<subfield code="n">Acta Fisiátrica; v. 29 n. 3 (2022)</subfield>
</datafield>  <datafield tag="546" ind1=" " ind2=" ">
<subfield code="a">por</subfield>
</datafield>   <datafield tag="540" ind1=" " ind2=" ">
<subfield code="a">Copyright (c) 2022 Acta Fisiátrica</subfield>
</datafield>
</record>
</metadata>
</record>