
<record>
<header>
<identifier>oai:revistas.usp.br:article/199833</identifier>
<datestamp>2023-04-17T17:41:07Z</datestamp>
<setSpec>actafisiatrica:Art.+Orig.</setSpec>
<setSpec>driver</setSpec>
</header>
<metadata>
<record xmlns="http://www.loc.gov/MARC21/slim" xmlns:xsi="http://www.w3.org/2001/XMLSchema-instance" xsi:schemaLocation="http://www.loc.gov/MARC21/slim http://www.loc.gov/standards/marcxml/schema/MARC21slim.xsd">
<leader>     nmb a2200000Iu 4500</leader>
<controlfield tag="008">"221228 2022                        eng  "</controlfield>
<datafield tag="022" ind1="#" ind2="#">
<subfield code="$a">2317-0190</subfield>
</datafield>
<datafield tag="022" ind1="#" ind2="#">
<subfield code="$a">0104-7795</subfield>
</datafield>
<datafield tag="042" ind1=" " ind2=" ">
<subfield code="a">dc</subfield>
</datafield>
<datafield tag="245" ind1="0" ind2="0">
<subfield code="a">Esclerose lateral amiotrófica em Belo Horizonte, Brasil entre 2010 e 2020: um estudo clínico epidemiológico</subfield>
</datafield>  <datafield tag="720" ind1="1" ind2=" ">
<subfield code="a">Harriman, Myllena </subfield>
<subfield code="u">Faculdade Ciências Médicas de Minas Gerais</subfield><subfield code="0">https://orcid.org/0000-0002-0641-0532</subfield></datafield>
<datafield tag="720" ind1="1" ind2=" ">
<subfield code="a">Carneiro Morais, Lucas </subfield>
<subfield code="u">Faculdade Ciências Médicas de Minas Gerais</subfield></datafield>
<datafield tag="720" ind1="1" ind2=" ">
<subfield code="a">Porto Pessoa, Bruno </subfield>
<subfield code="u">Faculdade Ciências Médicas de Minas Gerais</subfield></datafield>
<datafield tag="720" ind1="1" ind2=" ">
<subfield code="a">Polese, Janaine Cunha</subfield>
<subfield code="u">Faculdade Ciências Médicas de Minas Gerais</subfield><subfield code="0">https://orcid.org/0000-0003-3366-1545</subfield></datafield>
<datafield tag="520" ind1=" " ind2=" ">
<subfield code="a"> Objective: To describe the clinical profile of individuals with Amyotrophic Lateral Sclerosis (ALS) from a reference hospital in the city of Belo Horizonte, Brazil. Method: This is a retrospective cross-sectional study with data collection from electronic medical records of individuals with a defined diagnosis of ALS between 2010 and 2020, in the Muscular Dystrophies reference sector of a hospital in a Brazilian capital. Results: A total of 103 individuals with ALS were included, with a mean age of 60±12 years, mean diagnostic age 56±12 years, and mean time of disease progression of 3±3 years. Furthermore, 70% were male, 88% with sporadic ALS, with a similar bulbar involvement between mild (32%), moderate (27%) and severe (28%), and with a higher rate of diagnosis from 50 to 70 years of age. Conclusion: The epidemiological data from this study are very similar to those in the literature. However, the heterogeneity of the disease, the complexity of the diagnosis and the diversity of forms that each study brings to the disease, and especially the rapid progression, make a more extensive picture difficult to be discussed. Tracing this profile is important for a more focused clinic and a more adequate management, and for that, further studies are needed. </subfield>
</datafield>
<datafield tag="260" ind1=" " ind2=" ">
<subfield code="b">Faculdade de Medicina, Universidade de São Paulo</subfield>
</datafield>
<dataField tag="260" ind1=" " ind2=" ">
<subfield code="c">2022-12-28 00:00:00</subfield>
</dataField>   <datafield tag="856" ind1=" " ind2=" ">
<subfield code="q">application/pdf</subfield>
</datafield>
<datafield tag="856" ind1="4" ind2="0">
<subfield code="u">https://www.revistas.usp.br/actafisiatrica/article/view/199833</subfield>
</datafield>  <datafield tag="786" ind1="0" ind2=" ">
<subfield code="n">Acta Fisiátrica; v. 29 n. 4 (2022)</subfield>
</datafield>  <datafield tag="546" ind1=" " ind2=" ">
<subfield code="a">eng</subfield>
</datafield>   <datafield tag="540" ind1=" " ind2=" ">
<subfield code="a">Copyright (c) 2022 Acta Fisiátrica</subfield>
</datafield>
</record>
</metadata>
</record>