
<record>
<header>
<identifier>oai:revistas.usp.br:article/200273</identifier>
<datestamp>2023-08-01T18:35:06Z</datestamp>
<setSpec>actafisiatrica:Art.+Orig.</setSpec>
<setSpec>driver</setSpec>
</header>
<metadata>
<record xmlns="http://www.loc.gov/MARC21/slim" xmlns:xsi="http://www.w3.org/2001/XMLSchema-instance" xsi:schemaLocation="http://www.loc.gov/MARC21/slim http://www.loc.gov/standards/marcxml/schema/MARC21slim.xsd">
<leader>     nmb a2200000Iu 4500</leader>
<controlfield tag="008">"230630 2023                        eng  "</controlfield>
<datafield tag="022" ind1="#" ind2="#">
<subfield code="$a">2317-0190</subfield>
</datafield>
<datafield tag="022" ind1="#" ind2="#">
<subfield code="$a">0104-7795</subfield>
</datafield>
<datafield tag="042" ind1=" " ind2=" ">
<subfield code="a">dc</subfield>
</datafield>
<datafield tag="245" ind1="0" ind2="0">
<subfield code="a">Fatores de risco intrínsecos para quedas entre idosos institucionalizados </subfield>
</datafield>  <datafield tag="720" ind1="1" ind2=" ">
<subfield code="a">Ferreira, Maria Janaína Resende</subfield>
<subfield code="u">Universidade Federal de São João del-Rei</subfield><subfield code="0">https://orcid.org/0000-0002-5549-9393</subfield></datafield>
<datafield tag="720" ind1="1" ind2=" ">
<subfield code="a">Rodrigues, Jessica Alves</subfield>
<subfield code="u">Universidade Federal de São João del-Rei</subfield><subfield code="0">https://orcid.org/0000-0003-2413-0283</subfield></datafield>
<datafield tag="720" ind1="1" ind2=" ">
<subfield code="a">Rezende, Ana Elisa Soares</subfield>
<subfield code="u">Universidade Federal de São João del-Rei</subfield><subfield code="0">https://orcid.org/0000-0001-6833-4216</subfield></datafield>
<datafield tag="720" ind1="1" ind2=" ">
<subfield code="a">Pereira, Ana Carolina Merenciano Sundfeld</subfield>
<subfield code="u">Universidade Federal de São João del-Rei</subfield><subfield code="0">https://orcid.org/0000-0003-3651-9827</subfield></datafield>
<datafield tag="720" ind1="1" ind2=" ">
<subfield code="a">Lemos, Luiza Ribeiro</subfield>
<subfield code="u">Universidade Federal de São João del-Rei</subfield><subfield code="0">https://orcid.org/0000-0001-5373-4145</subfield></datafield>
<datafield tag="720" ind1="1" ind2=" ">
<subfield code="a">Cunha, Laura Araujo</subfield>
<subfield code="u">Universidade Federal de São João del-Rei</subfield><subfield code="0">https://orcid.org/0000-0001-7329-2241</subfield></datafield>
<datafield tag="720" ind1="1" ind2=" ">
<subfield code="a">Belo, Mayara Sá Fortes Orlando Maciel</subfield>
<subfield code="u">Universidade Federal de São João del-Rei</subfield><subfield code="0">https://orcid.org/0000-0001-6315-4574</subfield></datafield>
<datafield tag="720" ind1="1" ind2=" ">
<subfield code="a">Damázio, Laila Cristina Moreira</subfield>
<subfield code="u">Universidade Federal de São João del-Rei</subfield></datafield>
<datafield tag="520" ind1=" " ind2=" ">
<subfield code="a"> Objetivo: Investigar os fatores de risco intrínsecos para queda entre idosos de duas Instituições de Longa Permanência (ILP) no interior de Minas Gerais/Brasil. Métodos: Foram avaliados 20 idosos com idade média de 79 anos (entre 60-100 anos). Foram aplicadas as escalas de Tinetti e Barthel para avaliação do equilíbrio corporal e independência funcional, respectivamente. A escala de Downton para análise do risco de quedas; a estesiometria, a dinamometria e o teste manual de força muscular para estimar respectivamente, a sensibilidade das mãos e pés, a força de preensão palmar e a força dos músculos de membros inferiores. A análise estatística utilizada foi o teste t-student, o teste de correlação de Pearson, a análise de variância (ANOVA-one way), considerando nível de significância de 5%. Resultados: A média geral do escore da escala de Dowton foi de 4,68 (p&lt;0,05); a do equilíbrio corporal foi de 14,57 pontos (p&lt;0,05), a escala de Barthel foi de 72,36 pontos (p&lt;0,05); a força de preensão palmar foi de 2,73 kg/m² (±3,64) e a média de força em membros inferiores foi de 3,7 kg/m2 (p&lt;0,05). Conclusão: Conclui-se que os idosos avaliados apresentam alto risco de quedas sendo os parâmetros mais comprometidos e responsáveis por este risco, a polifarmácia, desequilíbrio, fraqueza muscular, perda de sensibilidade e dependência funcional. </subfield>
</datafield>
<datafield tag="260" ind1=" " ind2=" ">
<subfield code="b">Faculdade de Medicina, Universidade de São Paulo</subfield>
</datafield>
<dataField tag="260" ind1=" " ind2=" ">
<subfield code="c">2023-06-30 00:00:00</subfield>
</dataField>   <datafield tag="856" ind1=" " ind2=" ">
<subfield code="q">application/pdf</subfield>
</datafield>
<datafield tag="856" ind1=" " ind2=" ">
<subfield code="q">application/pdf</subfield>
</datafield>
<datafield tag="856" ind1="4" ind2="0">
<subfield code="u">https://www.revistas.usp.br/actafisiatrica/article/view/200273</subfield>
</datafield>  <datafield tag="786" ind1="0" ind2=" ">
<subfield code="n">Acta Fisiátrica; v. 30 n. 2 (2023)</subfield>
</datafield>  <datafield tag="546" ind1=" " ind2=" ">
<subfield code="a">por</subfield>
</datafield>   <datafield tag="540" ind1=" " ind2=" ">
<subfield code="a">Copyright (c) 2023 Acta Fisiátrica</subfield>
</datafield>
</record>
</metadata>
</record>