
<record>
<header>
<identifier>oai:revistas.usp.br:article/200298</identifier>
<datestamp>2023-08-01T18:35:06Z</datestamp>
<setSpec>actafisiatrica:Art.+Rev.</setSpec>
<setSpec>driver</setSpec>
</header>
<metadata>
<record xmlns="http://www.loc.gov/MARC21/slim" xmlns:xsi="http://www.w3.org/2001/XMLSchema-instance" xsi:schemaLocation="http://www.loc.gov/MARC21/slim http://www.loc.gov/standards/marcxml/schema/MARC21slim.xsd">
<leader>     nmb a2200000Iu 4500</leader>
<controlfield tag="008">"230630 2023                        eng  "</controlfield>
<datafield tag="022" ind1="#" ind2="#">
<subfield code="$a">2317-0190</subfield>
</datafield>
<datafield tag="022" ind1="#" ind2="#">
<subfield code="$a">0104-7795</subfield>
</datafield>
<datafield tag="042" ind1=" " ind2=" ">
<subfield code="a">dc</subfield>
</datafield>
<datafield tag="245" ind1="0" ind2="0">
<subfield code="a">O modelo biopsicosocial na reabilitação por gameterapia na paralisia cerebral: revisão sistemática</subfield>
</datafield>  <datafield tag="720" ind1="1" ind2=" ">
<subfield code="a">Cabrera, Naira Rodrigues de Oliveira</subfield>
<subfield code="u">Universidade Estadual do Norte do Paraná</subfield></datafield>
<datafield tag="720" ind1="1" ind2=" ">
<subfield code="a">Silva, Joyce Karla Machado da</subfield>
<subfield code="u">Universidade Estadual do Norte do Paraná</subfield><subfield code="0">https://orcid.org/0000-0003-2688-7028</subfield></datafield>
<datafield tag="720" ind1="1" ind2=" ">
<subfield code="a">Pellizzari, Camila Costa de Araujo</subfield>
<subfield code="u">Universidade Estadual do Norte do Paraná</subfield><subfield code="0">http://lattes.cnpq.br/9196899128937454</subfield><subfield code="0">https://orcid.org/0000-0002-4382-9375</subfield></datafield>
<datafield tag="720" ind1="1" ind2=" ">
<subfield code="a">Valenciano, Paola Janeiro</subfield>
<subfield code="u">Universidade Estadual do Norte do Paraná</subfield><subfield code="0">https://orcid.org/0000-0002-8363-0475</subfield></datafield>
<datafield tag="520" ind1=" " ind2=" ">
<subfield code="a"> Objetivo: Investigar os efeitos das intervenções com uso de Realidade Virtual (RV) para crianças com Paralisia Cerebral (PC) baseando-se na estrutura da Classificação Internacional de Funcionalidade, Incapacidade de Saúde (CIF). Método: Trata-se de revisão sistemática de ensaios clínicos randomizados, realizada em julho de 2022. Foram investigadas intervenções relacionadas a fisioterapia associada aos jogos de RV para crianças com PC, idade de 6 a 12 anos nas bases de dados: PubMed, Cochrane, MedLine e PEDro. A qualidade metodológica foi avaliada pela Escala PEDro. Foram incluídos 9 estudos envolvendo total de 310 participantes, destes, 5 estavam inseridos em estrutura e funções do corpo, 9 artigos em atividade e nenhum estudo investigaram o componente participação ou fatores contextuais, sendo que alguns foram incluídos em mais do que um componente da CIF. Resultados: A função manual e o equilíbrio corporal foram os desfechos mais avaliados. Como limitação, destaca-se o pequeno número de estudos e a falta de dados sobre os componentes de participação e fatores contextuais. O ponto forte do estudo foi associar a CIF a uma categoria de reabilitação fisioterapêutica para esta população. Conclusão: Pesquisas experimentais recentes relacionadas ao uso da RV na fisioterapia de crianças com PC estão em sua maioria direcionadas ao componente de atividade da CIF. Mais estudos são necessários a fim de investigar se o aprendizado no ambiente terapêutico é transferido no contexto de vida desses indivíduos e se há impacto na participação e funcionalidade. Número de registro na Prospero: CRD42021260011. </subfield>
</datafield>
<datafield tag="260" ind1=" " ind2=" ">
<subfield code="b">Faculdade de Medicina, Universidade de São Paulo</subfield>
</datafield>
<dataField tag="260" ind1=" " ind2=" ">
<subfield code="c">2023-06-30 00:00:00</subfield>
</dataField>   <datafield tag="856" ind1=" " ind2=" ">
<subfield code="q">application/pdf</subfield>
</datafield>
<datafield tag="856" ind1="4" ind2="0">
<subfield code="u">https://www.revistas.usp.br/actafisiatrica/article/view/200298</subfield>
</datafield>  <datafield tag="786" ind1="0" ind2=" ">
<subfield code="n">Acta Fisiátrica; v. 30 n. 2 (2023)</subfield>
</datafield>  <datafield tag="546" ind1=" " ind2=" ">
<subfield code="a">por</subfield>
</datafield>   <datafield tag="540" ind1=" " ind2=" ">
<subfield code="a">Copyright (c) 2023 Acta Fisiátrica</subfield>
</datafield>
</record>
</metadata>
</record>