
<record>
<header>
<identifier>oai:revistas.usp.br:article/201045</identifier>
<datestamp>2023-07-31T18:14:45Z</datestamp>
<setSpec>actafisiatrica:Art.+Rev.</setSpec>
<setSpec>driver</setSpec>
</header>
<metadata>
<record xmlns="http://www.loc.gov/MARC21/slim" xmlns:xsi="http://www.w3.org/2001/XMLSchema-instance" xsi:schemaLocation="http://www.loc.gov/MARC21/slim http://www.loc.gov/standards/marcxml/schema/MARC21slim.xsd">
<leader>     nmb a2200000Iu 4500</leader>
<controlfield tag="008">"230331 2023                        eng  "</controlfield>
<datafield tag="022" ind1="#" ind2="#">
<subfield code="$a">2317-0190</subfield>
</datafield>
<datafield tag="022" ind1="#" ind2="#">
<subfield code="$a">0104-7795</subfield>
</datafield>
<datafield tag="042" ind1=" " ind2=" ">
<subfield code="a">dc</subfield>
</datafield>
<datafield tag="245" ind1="0" ind2="0">
<subfield code="a">Utilização do diário de quedas como ferramenta de monitoramento das quedas em pessoas com doença de Parkinson: uma revisão sistemática</subfield>
</datafield>  <datafield tag="720" ind1="1" ind2=" ">
<subfield code="a">Silva, Jefferson Carlos Araujo </subfield>
<subfield code="u">Universidade de Brasília</subfield><subfield code="0">https://orcid.org/0000-0001-9131-4360</subfield></datafield>
<datafield tag="720" ind1="1" ind2=" ">
<subfield code="a">Olegário, Raphael Lopes </subfield>
<subfield code="u">Universidade de Brasília </subfield><subfield code="0">https://orcid.org/0000-0003-2540-4864</subfield></datafield>
<datafield tag="720" ind1="1" ind2=" ">
<subfield code="a">Santos, Yuri Matias Alves dos </subfield>
<subfield code="u">Universidade de Brasília</subfield><subfield code="0">https://orcid.org/0000-0002-1279-8473</subfield></datafield>
<datafield tag="720" ind1="1" ind2=" ">
<subfield code="a">Oliveira, Sabrynna Brito </subfield>
<subfield code="u">Universidade Federal de Minas Gerais</subfield><subfield code="0">https://orcid.org/0000-0001-9303-4338</subfield></datafield>
<datafield tag="720" ind1="1" ind2=" ">
<subfield code="a">Queiroz, Liana Mayara Caland </subfield>
<subfield code="u">Universidade de Brasília</subfield><subfield code="0">https://orcid.org/0000-0001-7752-9357</subfield></datafield>
<datafield tag="720" ind1="1" ind2=" ">
<subfield code="a">Pinheiro, Hudson Azevedo </subfield>
<subfield code="u">Secretaria de Estado de Saúde do Distrito Federal</subfield><subfield code="0">https://orcid.org/0000-0003-1081-4174</subfield></datafield>
<datafield tag="720" ind1="1" ind2=" ">
<subfield code="a">Bezerra, Lídia Mara Aguiar </subfield>
<subfield code="u">Universidade de Brasília</subfield><subfield code="0">https://orcid.org/0000-0003-0661-6298</subfield></datafield>
<datafield tag="520" ind1=" " ind2=" ">
<subfield code="a"> As quedas em pessoas com Doença de Parkinson (DP) são fatores limitantes e incapacitantes, sua compreensão é complexa dada a natureza multifatorial. Neste contexto uma ferramenta, o diário de quedas, pode ser alternativa significante na compreensão deste evento. Objetivo: Avaliar a utilização do diário de quedas como ferramenta de monitoramento das quedas em pessoas com DP. Métodos: Trata-se de uma revisão sistemática de literatura que teve a seguinte questão norteadora: o diário de quedas é uma ferramenta adequada para monitorar as quedas em pessoas com DP? A busca nas bases de dados Pubmed, Medline, PEDro, Web of Science, Scopus e Cochrane Library foi realizada entre os meses de janeiro a março de 2022. A revisão foi registrada na plataforma PROSPERO sob o número de registro: CRD42018099127. Resultados: 192 estudos foram recuperados nas bases de dados, após adoção dos critérios de inclusão e exclusão, 6 estudos foram incluídos nesta revisão, a variável diário de quedas foi descrita sumariamente nos estudos analisados e extraído informações do que deveria conter em um diário de quedas. Conclusão: A análise permitiu concluir que os diários de quedas são ferramentas importantes para registro e compreensão do evento queda em pessoas com DP, no entanto, carecem de padronização. </subfield>
</datafield>
<datafield tag="260" ind1=" " ind2=" ">
<subfield code="b">Faculdade de Medicina, Universidade de São Paulo</subfield>
</datafield>
<dataField tag="260" ind1=" " ind2=" ">
<subfield code="c">2023-03-31 00:00:00</subfield>
</dataField>   <datafield tag="856" ind1=" " ind2=" ">
<subfield code="q">application/pdf</subfield>
</datafield>
<datafield tag="856" ind1="4" ind2="0">
<subfield code="u">https://www.revistas.usp.br/actafisiatrica/article/view/201045</subfield>
</datafield>  <datafield tag="786" ind1="0" ind2=" ">
<subfield code="n">Acta Fisiátrica; v. 30 n. 1 (2023)</subfield>
</datafield>  <datafield tag="546" ind1=" " ind2=" ">
<subfield code="a">por</subfield>
</datafield>   <datafield tag="540" ind1=" " ind2=" ">
<subfield code="a">Copyright (c) 2023 Acta Fisiátrica</subfield>
</datafield>
</record>
</metadata>
</record>