
<record>
<header>
<identifier>oai:revistas.usp.br:article/201063</identifier>
<datestamp>2023-04-17T17:41:07Z</datestamp>
<setSpec>actafisiatrica:Art.+Orig.</setSpec>
<setSpec>driver</setSpec>
</header>
<metadata>
<record xmlns="http://www.loc.gov/MARC21/slim" xmlns:xsi="http://www.w3.org/2001/XMLSchema-instance" xsi:schemaLocation="http://www.loc.gov/MARC21/slim http://www.loc.gov/standards/marcxml/schema/MARC21slim.xsd">
<leader>     nmb a2200000Iu 4500</leader>
<controlfield tag="008">"221228 2022                        eng  "</controlfield>
<datafield tag="022" ind1="#" ind2="#">
<subfield code="$a">2317-0190</subfield>
</datafield>
<datafield tag="022" ind1="#" ind2="#">
<subfield code="$a">0104-7795</subfield>
</datafield>
<datafield tag="042" ind1=" " ind2=" ">
<subfield code="a">dc</subfield>
</datafield>
<datafield tag="245" ind1="0" ind2="0">
<subfield code="a">Versão Brasileira do Questionário de Satisfação com a Prótese (SAT-PRO/Br): validade estrutural, validade concorrente, consistência interna e estabilidade</subfield>
</datafield>  <datafield tag="720" ind1="1" ind2=" ">
<subfield code="a">Gutierres Filho, Paulo José Barbosa</subfield>
<subfield code="u">Universidade de Brasília</subfield></datafield>
<datafield tag="720" ind1="1" ind2=" ">
<subfield code="a">Silva, Diego Rodrigues Pimentel da</subfield>
<subfield code="u">Universidade de Brasília</subfield></datafield>
<datafield tag="720" ind1="1" ind2=" ">
<subfield code="a">Ferreira, Leonardo Dimas</subfield>
<subfield code="u">Universidade de Brasília </subfield></datafield>
<datafield tag="720" ind1="1" ind2=" ">
<subfield code="a">Lima, David Braga</subfield>
<subfield code="u">Universidade do Estado de Santa Catarina </subfield></datafield>
<datafield tag="720" ind1="1" ind2=" ">
<subfield code="a">Fernandes, Jorge Manuel Gomes de Azevedo</subfield>
<subfield code="u">Universidade de Évora</subfield></datafield>
<datafield tag="720" ind1="1" ind2=" ">
<subfield code="a">Silva, Rudney da</subfield>
<subfield code="u">Universidade do Estado de Santa Catarina </subfield></datafield>
<datafield tag="520" ind1=" " ind2=" ">
<subfield code="a"> Objetivo: Analisar as propriedades psicométricas do SAT-PRO/Br através da observação da validade estrutural e concorrente, consistência interna e estabilidade. Método: A amostra deste estudo transversal foi consecutiva, não probabilística, constituída por 128 idosos com amputação de membro inferior, com amputação unilateral e que utilizavam a prótese a pelo menos um ano. As propriedades psicométricas foram avaliadas através da validade estrutural (Comparative Fit Index- CFI, Tucker-Lewis Index-TLI, Root Means Square Error of Approximation-RMSEA e  Standardized Root Mean Residual-SRMR), validade concorrente utilizando a versão brasileira da Trinity Amputation and Prosthesis Experience Scales - Revised (TAPES-R), além da  consistência interna dos itens pelo alfa de Cronbach e estabilidade pelo Intraclass Correlacion Coefficient (ICC). Resultados: O SAT-PRO/Br e a TAPES-R apresentaram forte correlação em relação a validade concorrente. A estabilidade variou de 0,85 a 0,91 através do ICC. Os índices de modelo do ajuste apresentaram valores de CFI de 0,991, TLI de 0,989, RMSEA de 0,045 e o SRMR de 0,074.  Observou-se uma boa consistência interna com alfa de Cronbach total de 0.91. Conclusão: As propriedades psicométricas deste estudo sobre o SAT-PRO/Br levam a concluir que esta versão é válida, confiável e apresenta boa consistência interna e estabilidade para ser aplicada em idosos brasileiros amputados de membro inferior. </subfield>
</datafield>
<datafield tag="260" ind1=" " ind2=" ">
<subfield code="b">Faculdade de Medicina, Universidade de São Paulo</subfield>
</datafield>
<dataField tag="260" ind1=" " ind2=" ">
<subfield code="c">2022-12-28 00:00:00</subfield>
</dataField>   <datafield tag="856" ind1=" " ind2=" ">
<subfield code="q">application/pdf</subfield>
</datafield>
<datafield tag="856" ind1="4" ind2="0">
<subfield code="u">https://www.revistas.usp.br/actafisiatrica/article/view/201063</subfield>
</datafield>  <datafield tag="786" ind1="0" ind2=" ">
<subfield code="n">Acta Fisiátrica; v. 29 n. 4 (2022)</subfield>
</datafield>  <datafield tag="546" ind1=" " ind2=" ">
<subfield code="a">por</subfield>
</datafield>   <datafield tag="540" ind1=" " ind2=" ">
<subfield code="a">Copyright (c) 2022 Acta Fisiátrica</subfield>
</datafield>
</record>
</metadata>
</record>