
<record>
<header>
<identifier>oai:revistas.usp.br:article/201169</identifier>
<datestamp>2023-07-31T18:14:45Z</datestamp>
<setSpec>actafisiatrica:Art.+Orig.</setSpec>
<setSpec>driver</setSpec>
</header>
<metadata>
<record xmlns="http://www.loc.gov/MARC21/slim" xmlns:xsi="http://www.w3.org/2001/XMLSchema-instance" xsi:schemaLocation="http://www.loc.gov/MARC21/slim http://www.loc.gov/standards/marcxml/schema/MARC21slim.xsd">
<leader>     nmb a2200000Iu 4500</leader>
<controlfield tag="008">"230331 2023                        eng  "</controlfield>
<datafield tag="022" ind1="#" ind2="#">
<subfield code="$a">2317-0190</subfield>
</datafield>
<datafield tag="022" ind1="#" ind2="#">
<subfield code="$a">0104-7795</subfield>
</datafield>
<datafield tag="042" ind1=" " ind2=" ">
<subfield code="a">dc</subfield>
</datafield>
<datafield tag="245" ind1="0" ind2="0">
<subfield code="a">Efeitos de um treinamento com dispositivo comercial de realidade virtual imersiva sobre a marcha e cognição de pessoas com doença de Parkinson</subfield>
</datafield>  <datafield tag="720" ind1="1" ind2=" ">
<subfield code="a">Rocha, Poliany Silva</subfield>
<subfield code="u">Universidade de Brasília</subfield><subfield code="0">https://orcid.org/0000-0002-2029-7388</subfield><subfield code="0">https://orcid.org/0000-0002-2029-7388</subfield></datafield>
<datafield tag="720" ind1="1" ind2=" ">
<subfield code="a">Silva, Ane Kelly dos Santos da</subfield>
<subfield code="u">Universidade de Brasília</subfield><subfield code="0">https://orcid.org/0000-0002-2187-8045</subfield></datafield>
<datafield tag="720" ind1="1" ind2=" ">
<subfield code="a">Piemonte, Maria Elisa Pimentel</subfield>
<subfield code="u">Universidade de São Paulo</subfield><subfield code="0">https://orcid.org/0000-0002-8298-268X</subfield><subfield code="0">https://orcid.org/0000-0002-8298-268X</subfield></datafield>
<datafield tag="720" ind1="1" ind2=" ">
<subfield code="a">Mendes, Felipe Augusto dos Santos </subfield>
<subfield code="u">Universidade de Brasília</subfield><subfield code="0">https://orcid.org/0000-0002-2058-7481</subfield></datafield>
<datafield tag="520" ind1=" " ind2=" ">
<subfield code="a"> Objetivo: Avaliar a eficácia e a usabilidade de um treinamento imersivo de realidade virtual usando o Samsung Gear VR OculusTM (SGVR) para marcha e cognitivo em pessoas com doença de Parkinson (DP). Foi realizado um ensaio clínico controlado, quase experimental e cego. Método: Quarenta pessoas com DP foram divididas em dois grupos. O Samsung Gear Virtual Reality Group (VRG) participou de 10 sessões, duas vezes por semana, com duração de uma hora cada, realizando quatro jogos que exigiam movimento da cabeça e deslocamento do centro de gravidade. O grupo controle não recebeu tratamento. Os participantes foram avaliados antes, após a intervenção e 30 dias após a intervenção, com avaliação da marcha por meio do teste Timed Up and Go, teste de caminhada de 10 metros, teste de caminhada de 30 segundos com tarefa simples e dupla e avaliação cognitiva com teste de fluência verbal, dígito para frente e para trás Testes de amplitude e teste Stroop Color. Ao final do treinamento, a VRG respondeu ao questionário System Usabilidade Scale para avaliar a usabilidade do sistema. Resultados: Embora o sistema tenha sido avaliado com excelente usabilidade pelos usuários, não houve efeitos de interação e, portanto, nossos resultados não suportam que o treinamento de realidade virtual imersiva usando jogos SGVR foi superior a nenhum treinamento. Conclusão: No entanto, quando cada grupo foi examinado separadamente, o VRG apresentou melhoras, após a intervenção e 30 dias após a intervenção, para velocidade da marcha (p&lt;0,005 e p&lt;0,001, respectivamente), memória de trabalho, atenção e processamento de informações (p&lt;0,01 em ambos os momentos de avaliação), inibição de resposta, memória de trabalho e de longo prazo (p&lt; 0,01 em 30 dias após a intervenção). A avaliação adicional do dispositivo SGVR é necessária. </subfield>
</datafield>
<datafield tag="260" ind1=" " ind2=" ">
<subfield code="b">Faculdade de Medicina, Universidade de São Paulo</subfield>
</datafield>
<dataField tag="260" ind1=" " ind2=" ">
<subfield code="c">2023-03-31 00:00:00</subfield>
</dataField>   <datafield tag="856" ind1=" " ind2=" ">
<subfield code="q">application/pdf</subfield>
</datafield>
<datafield tag="856" ind1="4" ind2="0">
<subfield code="u">https://www.revistas.usp.br/actafisiatrica/article/view/201169</subfield>
</datafield>  <datafield tag="786" ind1="0" ind2=" ">
<subfield code="n">Acta Fisiátrica; v. 30 n. 1 (2023)</subfield>
</datafield>  <datafield tag="546" ind1=" " ind2=" ">
<subfield code="a">por</subfield>
</datafield>   <datafield tag="540" ind1=" " ind2=" ">
<subfield code="a">Copyright (c) 2023 Acta Fisiátrica</subfield>
</datafield>
</record>
</metadata>
</record>