
<record>
<header>
<identifier>oai:revistas.usp.br:article/202078</identifier>
<datestamp>2023-07-31T18:14:45Z</datestamp>
<setSpec>actafisiatrica:Art.+Orig.</setSpec>
<setSpec>driver</setSpec>
</header>
<metadata>
<record xmlns="http://www.loc.gov/MARC21/slim" xmlns:xsi="http://www.w3.org/2001/XMLSchema-instance" xsi:schemaLocation="http://www.loc.gov/MARC21/slim http://www.loc.gov/standards/marcxml/schema/MARC21slim.xsd">
<leader>     nmb a2200000Iu 4500</leader>
<controlfield tag="008">"230331 2023                        eng  "</controlfield>
<datafield tag="022" ind1="#" ind2="#">
<subfield code="$a">2317-0190</subfield>
</datafield>
<datafield tag="022" ind1="#" ind2="#">
<subfield code="$a">0104-7795</subfield>
</datafield>
<datafield tag="042" ind1=" " ind2=" ">
<subfield code="a">dc</subfield>
</datafield>
<datafield tag="245" ind1="0" ind2="0">
<subfield code="a">Capacidade funcional e déficits do controle postural em mulheres com síndrome da dor no grande trocânter</subfield>
</datafield>  <datafield tag="720" ind1="1" ind2=" ">
<subfield code="a">Marcioli, Marieli Araujo Rossoni</subfield>
<subfield code="u">Universidade Estadual de Londrina</subfield><subfield code="0">https://orcid.org/0000-0002-4094-7018</subfield></datafield>
<datafield tag="720" ind1="1" ind2=" ">
<subfield code="a">Cunha, Amanda Paula Ricardo Rodrigues da</subfield>
<subfield code="u">Universidade Estadual de Londrina</subfield><subfield code="0">https://orcid.org/0000-0002-9687-5690</subfield></datafield>
<datafield tag="720" ind1="1" ind2=" ">
<subfield code="a">Miyasaki, Maurício Rodrigues</subfield>
<subfield code="u">Universidade Estadual de Londrina</subfield><subfield code="0">https://orcid.org/0000-0003-4435-3759</subfield></datafield>
<datafield tag="720" ind1="1" ind2=" ">
<subfield code="a">Macedo, Christiane de Souza Guerino</subfield>
<subfield code="u">Universidade Estadual de Londrina</subfield></datafield>
<datafield tag="520" ind1=" " ind2=" ">
<subfield code="a"> Objetivo: Estabelecer a capacidade física e alterações do controle postural (COP) durante o apoio unipodal estático e dinâmico em mulheres com Síndrome de Dor no Grande Trocânter (SDGT). Métodos: Foram avaliadas 36 mulheres, sedentárias, maiores de 45 anos. Destas, 18 tinham diagnóstico de SDGT (Grupo Dor - GD) e 18 sem queixas álgicas (Grupo Controle - GC). Todas responderam ao questionário Victorian Institute of Sports Assessment for Gluteal Tendinopathy (VISA-G) para análise da capacidade física relacionada a dor lateral do quadril, e foram submetidas à avaliação do controle postural na plataforma de força, em apoio unipodal estático e dinâmico (mini agachamentos). Os dados foram comparados e correlacionados, com significância estatística estabelecida 5%. Resultados: As participantes do GD apresentaram alto índice de dor (7), por 10 meses e baixa capacidade funcional (54,44 pontos no VISA-G). Na análise do controle postural estático, GD mostrou piores resultados para a área de oscilação do COP (p= 0,04) e maior amplitude de oscilação médio-lateral (p= 0,03). Na avaliação dinâmica, os resultados da amplitude médio-lateral (p= 0,02) e velocidade antero posterior (p= 0,04) foram maiores no GD, mas o COP foi pior no GC (p= 0,01). Conclusão: Mulheres com SDGT tem baixa capacidade funcional e pior controle postural estático e dinâmico. Estas variáveis devem ser avaliadas para estabelecer novas estratégias de prevenção e reabilitação em mulheres com SDGT.  </subfield>
</datafield>
<datafield tag="260" ind1=" " ind2=" ">
<subfield code="b">Faculdade de Medicina, Universidade de São Paulo</subfield>
</datafield>
<dataField tag="260" ind1=" " ind2=" ">
<subfield code="c">2023-03-31 00:00:00</subfield>
</dataField>   <datafield tag="856" ind1=" " ind2=" ">
<subfield code="q">application/pdf</subfield>
</datafield>
<datafield tag="856" ind1="4" ind2="0">
<subfield code="u">https://www.revistas.usp.br/actafisiatrica/article/view/202078</subfield>
</datafield>  <datafield tag="786" ind1="0" ind2=" ">
<subfield code="n">Acta Fisiátrica; v. 30 n. 1 (2023)</subfield>
</datafield>  <datafield tag="546" ind1=" " ind2=" ">
<subfield code="a">por</subfield>
</datafield>   <datafield tag="540" ind1=" " ind2=" ">
<subfield code="a">Copyright (c) 2023 Acta Fisiátrica</subfield>
</datafield>
</record>
</metadata>
</record>
<resumptionToken expirationDate="2023-08-08T14:50:36Z" completeListSize="935" cursor="850">a25828459b072d937ef2e56685be7922</resumptionToken>
</ListRecords>
</OAI-PMH> 